=LDR  01563 ai a2200445 a 4500
=001  018413083
=003  Uk
=005  20170706142338.0
=006  m\\\\\\\\m\|\\\\\\
=007  cr\|||||||||||
=008  121126c200u9999enkuu\d\o\\\\\0\\\a2eng\\
=FMT  \\$a  SE
=040  \\$aUk$beng$cUk
=042  \\$aukblsr
=082  04$a632.7$223
=245  00$aDistribution maps of plant pests$h[electronic resource].
=246  3\$aDMPP
=260  \\$aWallingford, UK :$bCABI.
=337  \\$acomputer$2rdamedia
=338  \\$aonline resource$2rdacarrier
=500  \\$aTitle from home page (viewed on Jan. 2, 2013).
=516  \\$aapplication/pdf.
=520  \\$aProvides maps on the occurrence of plant pests. Users must subscribe to use the maps.
=506  \\$aSubscription is required to access the data.
=540  \\$aPublishers copyright.
=584  \\$aData collected by CABI.
=584  \\$aAccepting data submissions: No.
=650  \0$aInsect pests$xGeographical distribution$vDatabases.
=650  \0$aAgricultural pests$vMaps$vDatabases.
=653  2\$aFood security
=655  \7$aDataset.$2local
=655  \7$aObservational data.$2local
=690  7\$aResearch Datasets Collection$2blcoll
=710  2\$aC.A.B. International.
=856  4\$uhttp://www.cabi.org/DMPP/$yResearch Datasets Collection
=859  \\$aXLD$bdatasets
=985  \\$aDatasets record reinstated as originally catalogued after being used for a PDF ELD serial (016218004)
=CAT  \\$a11279$b40$c20170706$lBLL01$h1423
=FIN  \\$aY$d20170706
=LAS  \\$a11279$b40$c20170706$lBLL01$h1423

