=LDR  02031 mi a2200529 i 4500
=001  016480385
=003  Uk
=005  20140703132125.0
=006  s||\d|||||||0\\\a2
=007  cr\|||||||||||
=008  130823c20uu9999xxu\\\\\o\\j\\\\\\\\eng\\
=FMT  \\$a  CF
=024  7\$astm20130228b$2local
=040  \\$aUk$beng$cUk$erda
=042  \\$aukblsr
=082  04$a368.12100973$223
=245  00$aUSDA Risk Management Agency.$pSummary of Business Reports and Data.
=264  \1$aWashington DC :$bRisk Management Agency
=300  \\$a1 online resource
=336  \\$acomputer dataset$2rdacontent
=336  \\$atext$2rdacontent
=337  \\$acomputer$2rdamedia
=338  \\$aonline resource$2rdacarrier
=506  \\$aData are free to access.
=516  \\$aapplication/pdf; application/msexcel; text/plain.
=520  3\$aProvides data on US crop insurance, by crop, state and insurance plan. Pre-formatted reports are in PDF format, but the Summary of Business Online tool allows data to be queried as required in Excel format.
=540  \\$aNot stated.
=584  \\$aAccepting data submissions: No.
=588  \\$aDescription based on contents viewed on June 17, 2014; title from Webpage.
=522  \\$aUnited States.
=650  \0$aCrop insurance$zUnited States.
=653  \\$aAgricultural Economics
=653  2\$aFood security
=655  \7$aDataset.$2local
=655  \7$aMonitoring data.$2local
=690  7\$aResearch Datasets Collection$2blcoll
=710  1\$aUnited States.$bDepartment of Agriculture.$bRisk Management Agency.
=856  40$uhttp://www.rma.usda.gov/data/sob.html$yResearch Datasets Collection
=859  \\$aXLD$bdatasets
=CAT  \\$aRESDATASET$b00$c20130823$lBLL01$h1203
=CAT  \\$a7332$b40$c20140617$lBLL01$h1415
=CAT  \\$aBATCH-UPD$b40$c20140617$lBLL01$h1416
=CAT  \\$a7332$b40$c20140703$lBLL01$h1321
=CAT  \\$aW1606-1753$c20171028$lBLL01$h1352
=FIN  \\$aY$d20140617
=SRC  \\$aBLDatasets$bdatasets20130822.xml
=LAS  \\$aW1606-1753$b00$c20171028$lBLL01$h1352

