=LDR  02492 mi a2200589 i 4500
=001  016480386
=003  Uk
=005  20140723080617.0
=006  s||\d|||||||0\\\a2
=007  cr\|||||||||||
=008  130823c20uu9999at\\\\\\o\\j\\\\\\\\eng\\
=FMT  \\$a  CF
=024  7\$astm20130402a$2local
=040  \\$aUk$beng$cUk$erda
=042  \\$aukblsr
=082  04$a598.0994$223
=245  00$aEdgar.
=264  \1$a[Australia] :$bJames Cook University
=300  \\$a1 online resource
=336  \\$acomputer dataset$2rdacontent
=336  \\$atext$2rdacontent
=337  \\$acomputer$2rdamedia
=338  \\$aonline resource$2rdacarrier
=506  \\$aData are free to access.
=516  \\$aapplication/zip; text/csv.
=520  3\$aEdgar provides observational data of birds from the Atlas of Living Australia, and the modelled distributions of these species under different climate scenarios. Searching by species provides current distribution visualised in Google maps. Modelled scenarios can then be selected for visualisation (animated over time), or downloaded.
=540  \\$aA version of Science or Creative Commons.
=584  \\$aObservational data are taken from the Atlas of Living Australia, and used to generate models of future species distributions by the James Cook University eResearch Centre.
=588  \\$aDescription based on contents viewed on July 23, 2014; title from database home page.
=522  \\$aAustralia.
=584  \\$aAccepting data submissions: No.
=650  \0$aBirds$zAustralia$xGeographical distribution.
=650  \0$aBirds$zAustralia$xGeographical distribution$xClimatic factors.
=653  \\$aBirds
=653  \\$aCommunity Dynamics
=653  \\$aEnvironmental Impacts > Conservation
=653  2\$aLiving With Environmental Change
=655  \7$aDataset.$2local
=655  \7$aObservational data.$2local
=655  \7$aModelled data.$2local
=690  7\$aResearch Datasets Collection$2blcoll
=710  2\$aJames Cook University.$beResearch Centre.
=710  2\$aCentre for Tropical Biodiversity & Climate Change.
=856  40$uhttp://spatialecology.jcu.edu.au/Edgar/$yResearch Datasets Collection
=859  \\$aXLD$bdatasets
=985  \\$a710s = new hdgs.
=CAT  \\$aRESDATASET$b00$c20130823$lBLL01$h1203
=CAT  \\$a7332$b40$c20140723$lBLL01$h0806
=CAT  \\$aW1606-1753$c20171028$lBLL01$h1352
=FIN  \\$aY$d20140723
=SRC  \\$aBLDatasets$bdatasets20130822.xml
=LAS  \\$aW1606-1753$b00$c20171028$lBLL01$h1352

