=LDR  01871 mi a2200517 i 4500
=001  016480387
=003  Uk
=005  20140828120511.0
=006  s||\d|||||||0\\\a2
=007  cr\|||||||||||
=008  130823c20uu9999at\\\\\\o\\j\\\\\\\\eng\\
=FMT  \\$a  CF
=024  7\$astm20130402b$2local
=040  \\$aUk$beng$cUk$erda
=042  \\$aukblsr
=082  04$a581.9$223
=245  00$aWallace Initiative.
=264  \1$a[Australia] :$bThe Wallace Initiative
=300  \\$a1 online resource
=336  \\$acomputer dataset$2rdacontent
=336  \\$atext$2rdacontent
=337  \\$acomputer$2rdamedia
=338  \\$aonline resource$2rdacarrier
=506  \\$aData are free to access.
=516  \\$aapplication/x-gunzip.
=520  3\$aThe Wallace Initiative aims to model species distribution under various climate scenarios. Data can be visualised on Google maps and downloaded for each species under each scenario.
=540  \\$aNot stated.
=584  \\$aAccepting data submissions: No.
=588  \\$aDescription based on contents viewed on August 28, 2014 ; title from database home page.
=650  \0$aBiogeography$xClimatic factors$vDatabases.
=653  \\$aCommunity Dynamics
=653  \\$aEnvironmental Impacts > Conservation
=653  2\$aLiving With Environmental Change
=655  \7$aDataset.$2local
=655  \7$aObservational data.$2local
=655  \7$aModelled data.$2local
=690  7\$aResearch Datasets Collection$2blcoll
=710  2\$aJames Cook University.
=856  40$uhttp://wallaceinitiative.org/$yResearch Datasets Collection
=859  \\$aXLD$bdatasets
=CAT  \\$aRESDATASET$b00$c20130823$lBLL01$h1203
=CAT  \\$a7332$b40$c20140828$lBLL01$h1205
=CAT  \\$aW1606-1753$c20171028$lBLL01$h1352
=FIN  \\$aY$d20140828
=SRC  \\$aBLDatasets$bdatasets20130822.xml
=LAS  \\$aW1606-1753$b00$c20171028$lBLL01$h1352

