=LDR  02286 mi a2200553 i 4500
=001  016480388
=003  Uk
=005  20141007110408.0
=006  s||\d|||||||0\\\a2
=007  cr\|||||||||||
=008  130823c20uu9999at\\\\\\o\\j\\\\\\\\eng\\
=FMT  \\$a  CF
=024  7\$astm20130402c$2local
=040  \\$aUk$beng$cUk$erda
=042  \\$aukblsr
=082  04$a551.63$223
=245  00$aCliMAS Reports.
=264  \1$a[Townsville City] :$bJames Cook University
=300  \\$a1 online resource
=336  \\$acomputer dataset$2rdacontent
=336  \\$atext$2rdacontent
=337  \\$acomputer$2rdamedia
=338  \\$aonline resource$2rdacarrier
=506  \\$aData are free to access.
=516  \\$aapplication/zip; image/png; text/csv; text/html.
=520  3\$aGenerates a report on the modelled temperature, rainfall and land-based species biodiversity for selected areas of Australia over selected years. Data per region and year can be downloaded, or a full text report can be generated.
=540  \\$aA version of Science or Creative Commons.
=584  \\$aCurrent species data from the Atlas of Living Australia are modelled against climate model data by the James Cook University eResearch Centre.
=588  \\$aDescription based on contents viewed on October 7, 2014; title from Web page.
=522  \\$aAustralia.
=584  \\$aAccepting data submissions: No.
=650  \0$aClimatic changes$zAustralia$xForecasting.
=650  \0$aBiodiversity$xClimatic factors$zAustralia.
=653  \\$aSpecies/Population Interactions > Population Dynamics
=653  \\$aSpecies/Population Interactions > Range Changes
=653  \\$aEnvironmental Impacts > Conservation
=653  2\$aLiving With Environmental Change
=655  \7$aDataset.$2local
=655  \7$aModelled data.$2local
=690  7\$aResearch Datasets Collection$2blcoll
=710  2\$aJames Cook University.
=856  40$uhttp://tdh-tools-2.hpc.jcu.edu.au/climas/reports$yResearch Datasets Collection
=859  \\$aXLD$bdatasets
=CAT  \\$aRESDATASET$b00$c20130823$lBLL01$h1203
=CAT  \\$a7332$b40$c20141007$lBLL01$h1104
=CAT  \\$aW1606-1753$c20171028$lBLL01$h1352
=FIN  \\$aY$d20141007
=SRC  \\$aBLDatasets$bdatasets20130822.xml
=LAS  \\$aW1606-1753$b00$c20171028$lBLL01$h1352

