=LDR  02192 mi a2200505 i 4500
=001  016480389
=003  Uk
=005  20141006135952.0
=006  s||\d|||||||0\\\a2
=007  cr\|||||||||||
=008  130823c20uu9999at\\\\\\o\\j\\\\\\\\eng\\
=FMT  \\$a  CF
=024  7\$astm20130402e$2local
=040  \\$aUk$beng$cUk$erda
=042  \\$aukblsr
=082  04$a551.46099$223
=245  00$aAIMS Data Catalogue.
=246  3\$aAustralian Institute of Marine Science Data Catalogue
=264  \1$a[Cape Ferguson] :$bAustralian Institute of Marine Science
=300  \\$a1 online resource
=336  \\$acomputer dataset$2rdacontent
=336  \\$atext$2rdacontent
=337  \\$acomputer$2rdamedia
=338  \\$aonline resource$2rdacarrier
=506  \\$aSome data require permission to access.
=520  3\$aProvides a wide range of oceanographic data held by the Australian Institute of Marine Science. Including but not limited to: reef weather data; long term reef monitoring; vessel tracking and underway data from ships of opportunity. Access conditions and available formats vary by the data concerned. Users can browse the appropriate data, or use advanced search to find data by keyword and map search.
=540  \\$aCreators/Contributors retain copyright.
=584  \\$aData are collected by the Australian Institute of Marine Science.
=588  \\$aDescription based on contents viewed on October 6, 2014; title from database Web page.
=522  \\$aAustralia.
=584  \\$aAccepting data submissions: No.
=650  \0$aOceanography$xResearch$zAustralia.
=653  2\$aLiving With Environmental Change
=655  \7$aDataset.$2local
=655  \7$aMonitoring data.$2local
=690  7\$aResearch Datasets Collection$2blcoll
=710  2\$aAustralian Institute of Marine Science.
=856  40$uhttp://www.aims.gov.au/docs/data/data.html$yResearch Datasets Collection
=859  \\$aXLD$bdatasets
=CAT  \\$aRESDATASET$b00$c20130823$lBLL01$h1203
=CAT  \\$a7332$b40$c20141006$lBLL01$h1359
=CAT  \\$aW1606-1753$c20171028$lBLL01$h1352
=FIN  \\$aY$d20141006
=SRC  \\$aBLDatasets$bdatasets20130822.xml
=LAS  \\$aW1606-1753$b00$c20171028$lBLL01$h1352

