=LDR  02290 mi a2200505 i 4500
=001  016480390
=003  Uk
=005  20141006101559.0
=006  s||\d|||||||0\\\a2
=007  cr\|||||||||||
=008  130823c20uu9999at\\\\\\o\\j\\\\\\\\eng\\
=FMT  \\$a  CF
=024  7\$astm20130402f$2local
=040  \\$aUk$beng$cUk$erda
=042  \\$aukblsr
=082  04$a551.60994$223
=245  00$aClimate Data Online.
=264  \1$a[Australia] :$bAustralian Government, Bureau of Meteorology
=300  \\$a1 online resource
=336  \\$acomputer dataset$2rdacontent
=336  \\$atext$2rdacontent
=337  \\$acomputer$2rdamedia
=338  \\$aonline resource$2rdacarrier
=506  \\$aMostly free to access, some data incur handling fees.
=516  \\$atext/csv; application/pdf.
=520  3\$aMeteorological statistics for Australia. Daily and monthly observational data are available on rainfall, temperature and solar exposure and can be downloaded for one or all years. Daily observational weather and climate data are only available for one month previous, but longer term statistics (average, maximum and minimum for particular calendar days) are available. Select data of interest by named location or station, or with a map viewer. Further data can be requested, see 'Data services' on the left-hand menu, but will incur charges.
=540  \\$aNot stated.
=584  \\$aData are collected by the Australian Bureau of Meteorology.
=588  \\$aDescription based on contents viewed on October 6, 2014; title from database home page.
=522  \\$aAustralia.
=584  \\$aAccepting data submissions: No.
=651  \0$aAustralia$xClimate$xObservations$vDatabases.
=653  2\$aLiving With Environmental Change
=655  \7$aDataset.$2local
=655  \7$aObservational data.$2local
=690  7\$aResearch Datasets Collection$2blcoll
=710  1\$aAustralia.$bBureau of Meteorology.
=856  40$uhttp://www.bom.gov.au/climate/data/$yResearch Datasets Collection
=859  \\$aXLD$bdatasets
=CAT  \\$aRESDATASET$b00$c20130823$lBLL01$h1203
=CAT  \\$a7332$b40$c20141006$lBLL01$h1015
=CAT  \\$aW1606-1753$c20171028$lBLL01$h1352
=FIN  \\$aY$d20141006
=SRC  \\$aBLDatasets$bdatasets20130822.xml
=LAS  \\$aW1606-1753$b00$c20171028$lBLL01$h1352

