=LDR  01987 mi a2200493 i 4500
=001  016480391
=003  Uk
=005  20141006105327.0
=006  s||\d|||||||0\\\a2
=007  cr\|||||||||||
=008  130823c20uu9999at\\\\\\o\\j\\\\\\\\eng\\
=FMT  \\$a  CF
=024  7\$astm20130402g$2local
=040  \\$aUk$beng$cUk$erda
=042  \\$aukblsr
=082  04$a551.60994$223
=245  00$aClimate Data Downloads.
=264  \1$a[Townsville City] :$bJames Cook University
=300  \\$a1 online resource
=336  \\$acomputer dataset$2rdacontent
=336  \\$atext$2rdacontent
=337  \\$acomputer$2rdamedia
=338  \\$aonline resource$2rdacarrier
=506  \\$aData are free to access.
=516  \\$aapplication/zip.
=520  3\$aClimate predictions for Australia at 5km resolution and for the world at 50km resolution. There are different predictions based on different emission scenarios (both Representative Concentration Pathways (RCPs) and Special Report on Emissions Scenarios (SRES)). Current climate layers for Australia are also available.
=540  \\$aA version of Science or Creative Commons.
=584  \\$aAccepting data submissions: No.
=588  \\$aDescription based on contents viewed on October 6, 2014; title from database Web page.
=522  \\$aAustralia.
=651  \0$aAustralia$xClimate$xObservations$vDatabases.
=653  2\$aLiving With Environmental Change
=655  \7$aDataset.$2local
=655  \7$aModelled data.$2local
=690  7\$aResearch Datasets Collection$2blcoll
=710  2\$aJames Cook University.
=856  40$uhttp://wallaceinitiative.org/climate_2012/tdhtools/Search/DataDownload.php$yResearch Datasets Collection
=859  \\$aXLD$bdatasets
=CAT  \\$aRESDATASET$b00$c20130823$lBLL01$h1203
=CAT  \\$a7332$b40$c20141006$lBLL01$h1053
=CAT  \\$aW1606-1753$c20171028$lBLL01$h1352
=FIN  \\$aY$d20141006
=SRC  \\$aBLDatasets$bdatasets20130822.xml
=LAS  \\$aW1606-1753$b00$c20171028$lBLL01$h1352

