=LDR  01896 mi a2200505 i 4500
=001  016480392
=003  Uk
=005  20141006132422.0
=006  s||\d|||||||0\\\a2
=007  cr\|||||||||||
=008  130823c20uu9999be\\\\\\o\\j\\\\\\\\eng\\
=FMT  \\$a  CF
=024  7\$astm20130402h$2local
=040  \\$aUk$beng$cUk$erda
=042  \\$aukblsr
=082  04$a914$223
=245  00$aCommunity Image Data Portal.
=246  3\$aCID
=264  \1$a[Brussels] :$bEuropean Commission Joint Research Centre
=300  \\$a1 online resource
=336  \\$acomputer dataset$2rdacontent
=336  \\$atext$2rdacontent
=337  \\$acomputer$2rdamedia
=338  \\$aonline resource$2rdacarrier
=506  \\$aUsers must register to access data.
=520  3\$aRemote sensing image data for Europe. Users can search the data and see what is available without registration, but access to the actual remote sensing data requires registration.
=540  \\$aCreators/Contributors retain copyright.
=584  \\$aAccepting data submissions: No.
=588  \\$aDescription based on contents viewed on October 6, 2014; title from database Web page.
=522  \\$aEurope.
=650  \0$aRemote sensing$zEurope$vAtlases.
=651  \0$aEurope$xRemote-sensing images$vDatabases.
=653  2\$aLiving With Environmental Change
=655  \7$aDataset.$2local
=655  \7$aRecordings.$2local
=690  7\$aResearch Datasets Collection$2blcoll
=710  2\$aEuropean Commission.$bJoint Research Centre.
=856  40$uhttp://cidportal.jrc.ec.europa.eu/imagearchive/main/$yResearch Datasets Collection
=859  \\$aXLD$bdatasets
=CAT  \\$aRESDATASET$b00$c20130823$lBLL01$h1203
=CAT  \\$a7332$b40$c20141006$lBLL01$h1324
=CAT  \\$aW1606-1753$c20171028$lBLL01$h1352
=FIN  \\$aY$d20141006
=SRC  \\$aBLDatasets$bdatasets20130822.xml
=LAS  \\$aW1606-1753$b00$c20171028$lBLL01$h1352

