=LDR  02345 mi a2200529 i 4500
=001  016480394
=003  Uk
=005  20141007113422.0
=006  s||\d|||||||0\\\a2
=007  cr\|||||||||||
=008  130823c20uu9999be\\\\\\o\\j\\\\\\\\eng\\
=FMT  \\$a  CF
=024  7\$astm20130402j$2local
=040  \\$aUk$beng$cUk$erda
=042  \\$aukblsr
=082  04$a551.52094$223
=245  00$aAGRI4CAST Interpolated Meteorological Data.
=264  \1$a[Brussels] :$bEuropean Commission Joint Research Centre, Institute for Environment and Sustainability
=300  \\$a1 online resource
=336  \\$acomputer dataset$2rdacontent
=336  \\$atext$2rdacontent
=337  \\$acomputer$2rdamedia
=338  \\$aonline resource$2rdacarrier
=506  \\$aUsers must register to access data.
=516  \\$atext/csv.
=520  3\$aInterpolated meteorological data from European Member states and surrounding countries from 1975 to the last complete calendar year. Data covers parameters including temperature, air pressure, rainfall and evapotranspiration measures. Users must register to access the data.
=540  \\$aNot stated.
=584  \\$aData are collected by European member states and collated by the European Commission Joint Research Centre (EC-JRC) Institute for Environment and Sustainability (IES).
=588  \\$aDescription based on contents viewed on October 7, 2014; title from Web page.
=522  \\$aEurope.
=584  \\$aAccepting data submissions: No.
=650  \0$aMeteorology$vObservations.
=651  \0$aEurope$xClimate$vStatistics.
=653  2\$aFood security
=653  2\$aLiving With Environmental Change
=655  \7$aDataset.$2local
=655  \7$aMonitoring data.$2local
=690  7\$aResearch Datasets Collection$2blcoll
=710  2\$aEuropean Commission Joint Research Centre (EC-JRC) Institute for Environment and Sustainability (IES)
=856  40$uhttp://mars.jrc.ec.europa.eu/mars/About-us/AGRI4CAST/Data-distribution/AGRI4CAST-Interpolated-Meteorological-Data$yResearch Datasets Collection
=859  \\$aXLD$bdatasets
=CAT  \\$aRESDATASET$b00$c20130823$lBLL01$h1203
=CAT  \\$a7332$b40$c20141007$lBLL01$h1134
=CAT  \\$aW1606-1753$c20171028$lBLL01$h1352
=FIN  \\$aY$d20141007
=SRC  \\$aBLDatasets$bdatasets20130822.xml
=LAS  \\$aW1606-1753$b00$c20171028$lBLL01$h1352

