=LDR  02439 mi a2200553 i 4500
=001  016480395
=003  Uk
=005  20140711081010.0
=006  s||\d|||||||0\\\a2
=007  cr\|||||||||||
=008  130823c20129999xxu\\\\|o\\j\|\\\\\\eng\\
=FMT  \\$a  CF
=024  7\$astm20130402k$2local
=040  \\$aUk$beng$cUk$erda
=042  \\$aukblsr
=082  04$a338.19$223
=245  00$aFood Security Portal.$pData Dashboard.
=264  31$aWashington, D.C. :$bfacilitated by IFPRI,$c[2012?]-
=300  \\$a1 online resource
=336  \\$acomputer dataset$2rdacontent
=336  \\$atext$2rdacontent
=337  \\$acomputer$2rdamedia
=338  \\$aonline resource$2rdacarrier
=506  \\$aData are free to access.
=516  \\$atext/plain; Application Programming Interface (API).
=520  3\$aProvides a wide variety of data relating to food security. These data are scraped from a wide variety of sources, but aggregated and offered here in a format that can be more easily used by researchers. This includes an API to query and access the data. The datasets provided cover aspects such as socioeconomics (e.g. GDP, debt, hunger index, population, unemployment and childhood mortality), crop production, import, export and prices. Specific crops covered are rice, wheat soybean and maize.
=540  \\$aNot stated.
=584  \\$aData are scraped from many various sources of data, aggregated and formatted by the Food Security Portal project.
=588  \\$aDescription based on contents viewed on June 19, 2014; title from Web page.
=584  \\$aAccepting data submissions: No.
=650  \0$aFood security.
=650  \0$aFood prices.
=653  2\$aFood security
=655  \7$aDataset.$2local
=655  \7$aMonitoring data.$2local
=655  \7$aStatistics.$2local
=690  7\$aResearch Datasets Collection$2blcoll
=710  2\$aInternational Food Policy Research Institute.
=856  40$uhttp://www.foodsecurityportal.org/api/about$yResearch Datasets Collection
=859  \\$aXLD$bdatasets
=CAT  \\$aRESDATASET$b00$c20130823$lBLL01$h1203
=CAT  \\$a11279$b40$c20140605$lBLL01$h1408
=CAT  \\$a11279$b40$c20140616$lBLL01$h1610
=CAT  \\$a7332$b40$c20140619$lBLL01$h0818
=CAT  \\$a7332$b40$c20140711$lBLL01$h0810
=CAT  \\$aW1606-1753$c20171028$lBLL01$h1352
=FIN  \\$aY$d20140619
=SRC  \\$aBLDatasets$bdatasets20130822.xml
=LAS  \\$aW1606-1753$b00$c20171028$lBLL01$h1352

