=LDR  01979 mi a2200517 i 4500
=001  016480396
=003  Uk
=005  20140711090255.0
=006  s||\d|||||||0\\\a2
=007  cr\|||||||||||
=008  130823c20uu9999xxu\\\\\o\\j\\\\\\\\eng\\
=FMT  \\$a  CF
=024  7\$astm20130402l$2local
=040  \\$aUk$beng$cUk$erda
=042  \\$aukblsr
=082  04$a338.19$223
=245  00$aEarth Policy Institute.$pFood and Agriculture.
=264  \1$aWashington, D.C. :$bEarth policy Institute
=300  \\$a1 online resource
=336  \\$acomputer dataset$2rdacontent
=336  \\$atext$2rdacontent
=337  \\$acomputer$2rdamedia
=338  \\$aonline resource$2rdacarrier
=506  \\$aData are free to access.
=516  \\$aapplication/msexcel; application/pdf.
=520  3\$aData relating to aspects of food security, such as world production and consumption of food and agricultural products, food prices, food security indices and water abstraction. Some data are also provided per selected country. Data largely underpin Earth Policy Institute reports.
=540  \\$aNot stated.
=584  \\$aAccepting data submissions: No.
=588  \\$aDescription based on contents viewed on June 19, 2014; title from Web page.
=650  \0$aFood supply.
=650  \0$aAgriculture$vStatistics.
=653  2\$aFood security
=655  \7$aDataset.$2local
=655  \7$aStatistics.$2local
=690  7\$aResearch Datasets Collection$2blcoll
=710  2\$aEarth Policy Institute.
=856  40$uhttp://www.earth-policy.org/?/data_center/C24/$yResearch Datasets Collection
=859  \\$aXLD$bdatasets
=CAT  \\$aRESDATASET$b00$c20130823$lBLL01$h1203
=CAT  \\$a11279$b40$c20140605$lBLL01$h1421
=CAT  \\$a7332$b40$c20140619$lBLL01$h0939
=CAT  \\$a7332$b40$c20140711$lBLL01$h0902
=CAT  \\$aW1606-1753$c20171028$lBLL01$h1352
=FIN  \\$aY$d20140619
=SRC  \\$aBLDatasets$bdatasets20130822.xml
=LAS  \\$aW1606-1753$b00$c20171028$lBLL01$h1352

