=LDR  02028 mi a2200505 i 4500
=001  016480397
=003  Uk
=005  20141007101637.0
=006  s||\d|||||||0\\\a2
=007  cr\|||||||||||
=008  130823c20uu9999xxu\\\\\o\\j\\\\\\\\eng\\
=FMT  \\$a  CF
=024  7\$astm20130402m$2local
=040  \\$aUk$beng$cUk$erda
=042  \\$aukblsr
=082  04$a551.6$223
=245  00$aEarth Policy Institute.$pClimate, Energy, and Transportation.
=264  \1$aWashington, D.C. :$bEarth policy Institute
=300  \\$a1 online resource
=336  \\$acomputer dataset$2rdacontent
=336  \\$atext$2rdacontent
=337  \\$acomputer$2rdamedia
=338  \\$aonline resource$2rdacarrier
=506  \\$aData are free to access.
=516  \\$aapplication/msexcel; application/pdf.
=520  3\$aData relating to aspects of climate (e.g. global temperatures, carbon dioxide emissions and ice extent), energy (e.g. energy generated from renewable and fossil sources, fuel production and fuel consumption) and transportation (e.g. car ownership and public transport). Data largely underpin Earth Policy Institute reports.
=540  \\$aNot stated.
=584  \\$aAccepting data submissions: No.
=588  \\$aDescription based on contents viewed on October 7, 2014; title from Web page.
=650  \0$aClimatology$vObservations.
=650  \0$aElectric power production.
=650  \0$aTransportation$xEnvironmental aspects.
=653  2\$aLiving With Environmental Change
=655  \7$aDataset.$2local
=655  \7$aStatistics.$2local
=690  7\$aResearch Datasets Collection$2blcoll
=710  2\$aEarth Policy Institute.
=856  40$uhttp://www.earth-policy.org/data_center/C23$yResearch Datasets Collection
=859  \\$aXLD$bdatasets
=CAT  \\$aRESDATASET$b00$c20130823$lBLL01$h1203
=CAT  \\$a7332$b40$c20141007$lBLL01$h1016
=CAT  \\$aW1606-1753$c20171028$lBLL01$h1352
=FIN  \\$aY$d20141007
=SRC  \\$aBLDatasets$bdatasets20130822.xml
=LAS  \\$aW1606-1753$b00$c20171028$lBLL01$h1352

