=LDR  02256 mi a2200553 i 4500
=001  016480398
=003  Uk
=005  20140711090436.0
=006  s||\d|||||||0\\\a2
=007  cr\|||||||||||
=008  130823c20099999it\\\\\\o\\j\\\\\\\\eng\\
=FMT  \\$a  CF
=024  7\$astm20130402n$2local
=040  \\$aUk$beng$cUk$erda
=042  \\$aukblsr
=082  04$a338.19$223
=245  00$aGIEWS Food Price Data and Analysis Tool.
=264  31$a[Rome] :$bFood and Agriculture Organization of the United Nations,$c2009-
=300  \\$a1 online resource
=336  \\$acomputer dataset$2rdacontent
=336  \\$atext$2rdacontent
=337  \\$acomputer$2rdamedia
=338  \\$aonline resource$2rdacarrier
=506  \\$aData are free to access.
=516  \\$atext/csv.
=520  3\$aThis tool provides food price data from 1990 onwards. Data can be refined by crop, date and retail or wholesale price. Data can then be visualised over the selected time per country and downloaded. The tools allows data to be adjusted to the volumes or currency required.
=540  \\$aNot stated.
=584  \\$aAccepting data submissions: No.
=588  \\$aDescription based on: Version 3 viewed on June 19, 2014; title from database home page.
=650  \0$aFood prices$vDatabases.
=653  2\$aFood security
=655  \7$aDataset.$2local
=655  \7$aLongitudinal data.$2local
=655  \7$aMonitoring data.$2local
=690  7\$aResearch Datasets Collection$2blcoll
=710  2\$aFood and Agriculture Organization of the United Nations.
=710  2\$aGlobal Information and Early Warning System on Food and Agriculture (Food and Agriculture Organization of the United Nations)
=856  40$uhttp://www.fao.org/giews/pricetool/$yResearch Datasets Collection
=859  \\$aXLD$bdatasets
=CAT  \\$aRESDATASET$b00$c20130823$lBLL01$h1203
=CAT  \\$a11279$b40$c20140605$lBLL01$h1437
=CAT  \\$a7332$b40$c20140619$lBLL01$h1012
=CAT  \\$a7332$b40$c20140619$lBLL01$h1017
=CAT  \\$a7332$b40$c20140620$lBLL01$h1539
=CAT  \\$a7332$b40$c20140711$lBLL01$h0904
=CAT  \\$aW1606-1753$c20171028$lBLL01$h1352
=FIN  \\$aY$d20140619
=SRC  \\$aBLDatasets$bdatasets20130822.xml
=LAS  \\$aW1606-1753$b00$c20171028$lBLL01$h1352

