=LDR  02818 mi a2200565 i 4500
=001  016480399
=003  Uk
=005  20171017134608.0
=006  s||\d||||||||\\\|2
=007  cr\|||||||||||
=008  130823c20119999gw\\\\\|o\\j\|\\\\\\eng\\
=FMT  \\$a  CF
=024  7\$astm20130402o$2local
=040  \\$aUk$beng$cUk$dUk$erda
=042  \\$aukblsr
=082  04$a581.35$223
=245  00$aGenesys :$bGateway to Genetic Resources.
=264  31$a[Bonn] :$bGlobal Crop Diversity Trust,$c2011-
=300  \\$a1 online resource
=336  \\$acomputer dataset$2rdacontent
=336  \\$atext$2rdacontent
=337  \\$acomputer$2rdamedia
=338  \\$aonline resource$2rdacarrier
=506  \\$aData are free to access.
=516  \\$atext/plain; application/zip.
=520  3\$aProvides details of crop genetic resources held across various countries. Details for the resources include morphology, optimal environmental, and insect and chemical resistance. The database allows you to select the crop and holding country of interest, then select your data of interest before download. Crops covered are: banana, barley, beans, breadfruit, cassava, chickpea, coconut, cowpea, fava bean, finger millet, grass pea, lentil, maize, pearl millet, pigeon pea, potato, rice, sorghum, sweet potato, taro, wheat, and yam.
=520  3\$a"GENESYS is the result of collaboration between Bioversity International on behalf of System-wide Genetic Resources Programme of the Consultative Group on International Agricultural Research, the Global Crop Diversity Trust and the Secretariat of the International Treaty on the Plant Genetic Resources for Food and Agriculture"--About Genesys webpage.
=540  \\$aNot stated.
=584  \\$aAccepting data submissions: No.
=588  \\$aDescription based on: Version 2 viewed on June 19, 2014; title from database home page.
=650  \0$aPlant genetics$vDatabases.
=653  2\$aFood security
=655  \7$aDataset.$2local
=655  \7$aPhysical data.$2local
=690  7\$aResearch Datasets Collection$2blcoll
=710  2\$aBioversity International.
=710  2\$aGlobal Crop Diversity Trust.
=710  2\$aSecretariat of the International Treaty on the Plant Genetic Resources for Food and Agriculture.
=856  40$uhttp://www.genesys-pgr.org/$yResearch Datasets Collection
=859  \\$aXLD$bdatasets
=CAT  \\$aRESDATASET$b00$c20130823$lBLL01$h1203
=CAT  \\$a11279$b40$c20140605$lBLL01$h1310
=CAT  \\$a7332$b40$c20140619$lBLL01$h1101
=CAT  \\$a11279$b40$c20140703$lBLL01$h1057
=CAT  \\$a7332$b40$c20140711$lBLL01$h0906
=CAT  \\$a7332$b40$c20171017$lBLL01$h1346
=CAT  \\$aW1606-1753$c20171028$lBLL01$h1352
=FIN  \\$aY$d20140619
=SRC  \\$aBLDatasets$bdatasets20130822.xml
=LAS  \\$aW1606-1753$b00$c20171028$lBLL01$h1352

