=LDR  01933 mi a2200541 i 4500
=001  016480401
=003  Uk
=005  20140711090818.0
=006  s||\d|||||||0\\\a2
=007  cr\|||||||||||
=008  130823c20uu9999dm\\\\\|o\\j\|\\\\\\eng\\
=FMT  \\$a  CF
=024  7\$astm20130403a$2local
=040  \\$aUk$beng$cUk$erda
=042  \\$aukblsr
=082  04$a633.18$223
=245  00$aAfricaRice Dataverse.
=264  31$aCotonou :$bAfrica Rice Centre,$c[2012]-
=300  \\$a1 online resource
=336  \\$acomputer dataset$2rdacontent
=336  \\$atext$2rdacontent
=337  \\$acomputer$2rdamedia
=338  \\$aonline resource$2rdacarrier
=506  \\$aData are free to access.
=516  \\$aapplication/msexcel.
=520  3\$aProvides data collected by the Africa Rice Centre and its partners. This data covers aspects relating to the production of rice across Africa, such as agronomy, entomology, breeding, physiology and socio-economics.
=540  \\$aNot stated.
=584  \\$aAccepting data submissions: No.
=588  \\$aDescription based on contents viewed on June 20, 2014; title from database home page.
=522  \\$aAfrica.
=650  \0$aRice$xResearch.
=650  \0$aSustainable development.
=653  \\$aField Crop Products
=653  2\$aFood security
=655  \7$aDataset.$2local
=655  \7$aExperimental data.$2local
=655  \7$aObservational data.$2local
=690  7\$aResearch Datasets Collection$2blcoll
=710  2\$aAfrica Rice Center.
=856  40$uhttp://africarice.org/WARDA/DATAVERSE.ASP$yResearch Datasets Collection
=859  \\$aXLD$bdatasets
=CAT  \\$aRESDATASET$b00$c20130823$lBLL01$h1203
=CAT  \\$a7332$b40$c20140620$lBLL01$h1600
=CAT  \\$a7332$b40$c20140711$lBLL01$h0908
=CAT  \\$aW1606-1753$c20171028$lBLL01$h1352
=FIN  \\$aY$d20140620
=SRC  \\$aBLDatasets$bdatasets20130822.xml
=LAS  \\$aW1606-1753$b00$c20171028$lBLL01$h1352

