=LDR  02026 mi a2200565 i 4500
=001  016480402
=003  Uk
=005  20140711091318.0
=006  s||\d|||||||0\\\a2
=007  cr\|||||||||||
=008  130823c20uu9999it\\\\\\o\\j\\\\\\\\eng\\
=FMT  \\$a  CF
=024  7\$astm20130403b$2local
=040  \\$aUk$beng$cUk$erda
=042  \\$aukblsr
=082  04$a634.097$223
=245  00$aNew World Fruits Database.
=264  \1$aRome :$bBioversity International
=300  \\$a1 online resource
=336  \\$acomputer dataset$2rdacontent
=336  \\$atext$2rdacontent
=337  \\$acomputer$2rdamedia
=338  \\$aonline resource$2rdacarrier
=506  \\$aData are free to access.
=516  \\$atext/html.
=520  3\$aProvides basic data on fruits of the new world. The information provided, which is also fully searchable, covers taxonomy, fruit use and geographic origin.
=540  \\$aNot stated.
=584  \\$aAccepting data submissions: No.
=588  \\$aDescription based on contents viewed on June 20, 2014; title from database home page.
=650  \0$aFruit$zNorth America.
=650  \0$aFruit$zSouth America.
=653  \\$aFruit Products
=653  2\$aFood security
=655  \7$aDataset.$2local
=655  \7$aReference data.$2local
=690  7\$aResearch Datasets Collection$2blcoll
=710  2\$aBioversity International.
=710  2\$aCIRAD (Organization)
=710  2\$aCentro Internacional de Agricultura Tropical.
=856  40$uhttp://www.bioversityinternational.org/databases/new_world_fruits_database/$yResearch Datasets Collection
=859  \\$aXLD$bdatasets
=CAT  \\$aRESDATASET$b00$c20130823$lBLL01$h1203
=CAT  \\$a7332$b40$c20140620$lBLL01$h1722
=CAT  \\$a7332$b40$c20140620$lBLL01$h1732
=CAT  \\$a7332$b40$c20140711$lBLL01$h0912
=CAT  \\$a7332$b40$c20140711$lBLL01$h0913
=CAT  \\$aW1606-1753$c20171028$lBLL01$h1352
=FIN  \\$aY$d20140620
=SRC  \\$aBLDatasets$bdatasets20130822.xml
=LAS  \\$aW1606-1753$b00$c20171028$lBLL01$h1352

