=LDR  01874 mi a2200505 i 4500
=001  016480403
=003  Uk
=005  20141008104711.0
=006  s||\d|||||||0\\\a2
=007  cr\|||||||||||
=008  130823c20uu9999gw\\\\\\o\\j\\\\\\\\eng\\
=FMT  \\$a  CF
=024  7\$astm20130403c$2local
=040  \\$aUk$beng$cUk$erda
=042  \\$aukblsr
=082  04$a630$223
=245  00$aMansfeld's World Database of Agricultural and Horticultural Crops.
=264  \1$a[Gatersleben ] :$bLeibniz-Institut fur Pflanzengenetik und Kulturpflanzenforschung
=300  \\$a1 online resource
=336  \\$acomputer dataset$2rdacontent
=336  \\$atext$2rdacontent
=337  \\$acomputer$2rdamedia
=338  \\$aonline resource$2rdacarrier
=506  \\$aData are free to access.
=516  \\$atext/html.
=520  3\$aProvides taxonomic, use and geographic information on the worlds crops. Herbaria specimens can also be searched via this resource.
=540  \\$aNot stated.
=584  \\$aAccepting data submissions: No.
=588  \\$aDescription based on contents viewed on October 8, 2014; title from database home page.
=650  \0$aCrops.
=650  \0$aPlant varieties.
=650  \0$aCrops$xGeographical distribution.
=653  2\$aFood security
=655  \7$aDataset.$2local
=655  \7$aReference data.$2local
=690  7\$aResearch Datasets Collection$2blcoll
=710  2\$aLeibniz-Institut für Pflanzengenetik und Kulturpflanzenforschung.
=856  40$uhttp://mansfeld.ipk-gatersleben.de/pls/htmldb_pgrc/f?p=185:5:0$yResearch Datasets Collection
=859  \\$aXLD$bdatasets
=CAT  \\$aRESDATASET$b00$c20130823$lBLL01$h1203
=CAT  \\$a7332$b40$c20141008$lBLL01$h1047
=CAT  \\$aW1606-1753$c20171028$lBLL01$h1352
=FIN  \\$aY$d20141008
=SRC  \\$aBLDatasets$bdatasets20130822.xml
=LAS  \\$aW1606-1753$b00$c20171028$lBLL01$h1352

