=LDR  01973 mi a2200529 i 4500
=001  016480404
=003  Uk
=005  20140711100228.0
=006  s||\d|||||||0\\\a2
=007  cr\|||||||||||
=008  130823c199u9999xxu\\\\\o\\j\\\\\\\\eng\\
=FMT  \\$a  CF
=024  7\$astm20130403d$2local
=040  \\$aUk$beng$cUk$erda
=042  \\$aukblsr
=082  04$a631.5230973$223
=245  00$aNational Plant Germplasm System.
=246  3\$aNPGS
=264  \1$a[United States] :$bUnited States Department of Agriculture, Agricultural Research Service
=300  \\$a1 online resource
=336  \\$acomputer dataset$2rdacontent
=336  \\$atext$2rdacontent
=337  \\$acomputer$2rdamedia
=338  \\$aonline resource$2rdacarrier
=506  \\$aData are free to access.
=516  \\$atext/csv; text/html.
=520  3\$aProvides taxonomic, economic and trait information for crop plant germplasm held by the USDA. Germplasm can also be requested.
=540  \\$aNot stated.
=584  \\$aAccepting data submissions: No.
=588  \\$aDescription based on 13 September 2013 update viewed on June 26, 2014; title from database home page.
=650  \0$aCrops$xGermplasm resources$zUnited States.
=650  \0$aGermplasm resources, Plant$zUnited States.
=653  2\$aFood security
=655  \7$aDataset.$2local
=655  \7$aPhysical data.$2local
=690  7\$aResearch Datasets Collection$2blcoll
=710  1\$aUnited States.$bAgricultural Research Service.
=710  2\$aGermplasm Resources Information Network.
=856  40$uhttp://www.ars-grin.gov/npgs/searchgrin.html$yResearch Datasets Collection
=859  \\$aXLD$bdatasets
=CAT  \\$aRESDATASET$b00$c20130823$lBLL01$h1203
=CAT  \\$a7332$b40$c20140626$lBLL01$h0758
=CAT  \\$a7332$b40$c20140711$lBLL01$h1002
=CAT  \\$aW1606-1753$c20171028$lBLL01$h1352
=FIN  \\$aY$d20140626
=SRC  \\$aBLDatasets$bdatasets20130822.xml
=LAS  \\$aW1606-1753$b00$c20171028$lBLL01$h1352

