=LDR  02062 mi a2200529 i 4500
=001  016480406
=003  Uk
=005  20140711091403.0
=006  s||\d|||||||0\\\a2
=007  cr\|||||||||||
=008  130823c20uu9999it\\\\\\o\\j\\\\\\\\eng\\
=FMT  \\$a  CF
=024  7\$astm20130403f$2local
=040  \\$aUk$beng$cUk$erda
=042  \\$aukblsr
=082  04$a580.74$223
=245  00$aCollecting Missions.
=264  \1$aRome :$bBioversity International
=300  \\$a1 online resource
=336  \\$acomputer dataset$2rdacontent
=336  \\$atext$2rdacontent
=337  \\$acomputer$2rdamedia
=338  \\$aonline resource$2rdacarrier
=506  \\$aUsers must register to access data.
=516  \\$atext/csv.
=520  3\$aInformation about plant collecting missions carried out by Biodiversity International (formerly the International Board for Plant Genetic Resources). Data about the collected samples and collecting missions can be viewed on the map, or downloaded in CSV format. Data can also be queried by traits of collected samples.
=540  \\$aNot stated.
=584  \\$aAccepting data submissions: No.
=588  \\$aDescription based on contents viewed on June 26, 2014; title from database home page.
=650  \0$aPlant collecting$vDatabases.
=650  \0$aBotany$vDatabases.
=650  \0$aPlants$vClassification.
=653  2\$aFood security
=655  \7$aDataset.$2local
=655  \7$aReference data.$2local
=690  7\$aResearch Datasets Collection$2blcoll
=710  2\$aBioversity International.
=856  40$uhttp://www.bioversityinternational.org/e-library/databases/collecting-missions/$yResearch Datasets Collection
=859  \\$aXLD$bdatasets
=CAT  \\$aRESDATASET$b00$c20130823$lBLL01$h1203
=CAT  \\$a7332$b40$c20140319$lBLL01$h1059
=CAT  \\$a7332$b40$c20140626$lBLL01$h0951
=CAT  \\$a7332$b40$c20140711$lBLL01$h0914
=CAT  \\$aW1606-1753$c20171028$lBLL01$h1352
=FIN  \\$aY$d20140626
=SRC  \\$aBLDatasets$bdatasets20130822.xml
=LAS  \\$aW1606-1753$b00$c20171028$lBLL01$h1352

