=LDR  02185 mi a2200541 i 4500
=001  016480407
=003  Uk
=005  20140711095916.0
=006  s||\d|||||||0\\\a2
=007  cr\|||||||||||
=008  130823c20119999xxu\\\\\o\\j\\\\\\\\eng\\
=FMT  \\$a  CF
=024  7\$astm20130403g$2local
=040  \\$aUk$beng$cUk$erda
=042  \\$aukblsr
=082  04$a333.9534097281$223
=245  00$aAtlas of Guatemalan Crop Wild Relatives.
=246  13$aAtlas Guatemalteco de Parientes Silvestres de las Plantas Cultivadas
=264  \1$aWashington DC :$bUnited States Department of Agriculture, Agricultural Research Service,$c2011-
=300  \\$a1 online resource
=336  \\$acomputer dataset$2rdacontent
=336  \\$atext$2rdacontent
=337  \\$acomputer$2rdamedia
=338  \\$aonline resource$2rdacarrier
=506  \\$aData are free to access.
=516  \\$aapplication/vnd.google-earth.kml+xml; application/msexcel.
=520  3\$aData on wild Guatemalan plant species that are relatives of 29 important crop species. The data can be downloaded in Excel format or in Google Earth maps (the maps are currently only in Spanish).
=540  \\$aNot stated.
=584  \\$aAccepting data submissions: No.
=588  \\$aDescription based on 3/2/2012 update viewed on June 26, 2014; title from database home page.
=522  \\$aGuatemala.
=650  \0$aCrops$xGermplasm resources$zGuatemala.
=650  \0$aGermplasm resources, Plant$zGuatemala.
=650  \0$aGermplasm resources conservation$zGuatemala.
=653  2\$aFood security
=655  \7$aDataset.$2local
=655  \7$aReference data.$2local
=690  7\$aResearch Datasets Collection$2blcoll
=710  1\$aUnited States.$bAgricultural Research Service.
=856  40$uhttp://www.ars.usda.gov/Services/docs.htm?docid=22225$yResearch Datasets Collection
=859  \\$aXLD$bdatasets
=CAT  \\$aRESDATASET$b00$c20130823$lBLL01$h1203
=CAT  \\$a7332$b40$c20140626$lBLL01$h1024
=CAT  \\$a7332$b40$c20140711$lBLL01$h0959
=CAT  \\$aW1606-1753$c20171028$lBLL01$h1352
=FIN  \\$aY$d20140626
=SRC  \\$aBLDatasets$bdatasets20130822.xml
=LAS  \\$aW1606-1753$b00$c20171028$lBLL01$h1352

