=LDR  02099 mi a2200553 i 4500
=001  016480408
=003  Uk
=005  20140626154258.0
=006  s||\d|||||||0\\\a2
=007  cr\|||||||||||
=008  130823c20uu9999ck\\\\\\o\\j\\\\\\\\eng\\
=FMT  \\$a  CF
=024  7\$astm20130403i$2local
=040  \\$aUk$beng$cUk$erda
=041  \\$aeng$aspa
=042  \\$aukblsr
=082  04$a333.9534$223
=245  00$aGenetic Resources Program.
=264  \1$a[Cali] :$bInternational Center for Tropical Agriculture
=300  \\$a1 online resource
=336  \\$acomputer dataset$2rdacontent
=336  \\$atext$2rdacontent
=337  \\$acomputer$2rdamedia
=338  \\$aonline resource$2rdacarrier
=500  \\$aAlso issued in Spanish.
=506  \\$aData are free to access.
=516  \\$aapplication/msexcel.
=520  3\$aProvides data on germplasm for bean cassava and tropical forage species held by CIAT. Taxonomic or trait searches result in a table of germplasm resources. This data can then be downloaded in Excel format. Germplasm can also be requested.
=540  \\$aPublishers copyright.
=584  \\$aAccepting data submissions: No.
=588  \\$aDescription based on contents viewed on June 26, 2014; title from database home page.
=650  \0$aBeans$xGermplasm resources.
=650  \0$aCassava$xGermplasm resources.
=650  \0$aForage plants$xTropics$xGermplasm resources.
=653  2\$aFood security
=655  \7$aDataset.$2local
=655  \7$aReference data.$2local
=655  \7$aPhysical data.$2local
=690  7\$aResearch Datasets Collection$2blcoll
=710  2\$aCentro Internacional de Agricultura Tropical.
=856  40$uhttp://isa.ciat.cgiar.org/urg/main.do?language=en$yResearch Datasets Collection
=859  \\$aXLD$bdatasets
=CAT  \\$aRESDATASET$b00$c20130823$lBLL01$h1203
=CAT  \\$a7332$b40$c20140626$lBLL01$h1309
=CAT  \\$a7332$b40$c20140626$lBLL01$h1542
=CAT  \\$aW1606-1753$c20171028$lBLL01$h1352
=FIN  \\$aY$d20140626
=SRC  \\$aBLDatasets$bdatasets20130822.xml
=LAS  \\$aW1606-1753$b00$c20171028$lBLL01$h1352

