=LDR  02066 mi a2200517 i 4500
=001  016480409
=003  Uk
=005  20140711100130.0
=006  s||\d|||||||0\\\a2
=007  cr\|||||||||||
=008  130823c20079999xxu\\\\\o\\j\\\\\\\\eng\\
=FMT  \\$a  CF
=024  7\$astm20130403j$2local
=040  \\$aUk$beng$cUk$erda
=042  \\$aukblsr
=082  04$a338.19$223
=245  00$aInternational Food Policy Research Institute (IFPRI) Dataverse.
=264  \1$aWashington DC :$bInternational Food Policy Research Institute,$c[2007?]-
=300  \\$a1 online resource
=336  \\$acomputer dataset$2rdacontent
=336  \\$atext$2rdacontent
=337  \\$acomputer$2rdamedia
=338  \\$aonline resource$2rdacarrier
=506  \\$aData are free to access.
=516  \\$aapplication/msexcel; .dta; application/pdf.
=520  3\$aData created by the IFPRI in support of its aim to support research and policy that will end hunger and malnutrition. Data ranges in scale from local to national and global. It covers data from panel surveys, to soil surveys and socio economic influences on hunger and food availability.
=540  \\$aNot stated.
=584  \\$aAccepting data submissions: No.
=588  \\$aDescription based on contents viewed on June 26, 2014; title from database home page.
=650  \0$aFood security.
=653  2\$aFood security
=655  \7$aDataset.$2local
=655  \7$aStatistics.$2local
=655  \7$aObservational data.$2local
=690  7\$aResearch Datasets Collection$2blcoll
=710  2\$aInternational Food Policy Research Institute.
=856  40$uhttp://dvn.iq.harvard.edu/dvn/dv/IFPRI$yResearch Datasets Collection
=859  \\$aXLD$bdatasets
=CAT  \\$aRESDATASET$b00$c20130823$lBLL01$h1203
=CAT  \\$a5194$b40$c20131212$lBLL01$h1142
=CAT  \\$a7332$b40$c20140626$lBLL01$h1424
=CAT  \\$a7332$b40$c20140711$lBLL01$h1001
=CAT  \\$aW1606-1753$c20171028$lBLL01$h1352
=FIN  \\$aY$d20140626
=SRC  \\$aBLDatasets$bdatasets20130822.xml
=LAS  \\$aW1606-1753$b00$c20171028$lBLL01$h1352

