=LDR  02251 mi a2200529 i 4500
=001  016480410
=003  Uk
=005  20140723075835.0
=006  s||\d|||||||0\\\a2
=007  cr\|||||||||||
=008  130823c20119999ke\\\\\\o\\j\\\\\\\\eng\\
=FMT  \\$a  CF
=024  7\$astm20130403k$2local
=040  \\$aUk$beng$cUk$erda
=042  \\$aukblsr
=082  04$a636$223
=245  00$aInternational Livestock Research Institute.$pGIS services.
=260  \\$aNairobi :$bInternational Livestock Research Institute.
=300  \\$a1 online resource
=336  \\$acomputer dataset$2rdacontent
=336  \\$atext$2rdacontent
=337  \\$acomputer$2rdamedia
=338  \\$aonline resource$2rdacarrier
=506  \\$aData are free to access.
=516  \\$aapplication/vnd.google-earth.kml+xml; ESRI shapefile; application/zip.
=520  3\$aGIS data from ILRI projects. These cover aspects of food security such as livestock ownership and agricultural production; aspects of neglected tropical disease such as disease and vector incidences (include malaria endemicity) and climatic data such as rainfall. These are largely on a national scale for various African countries, as they were part of specific projects, but some data have wider coverage. GIS datasets can be browsed or searched by keyword.
=540  \\$aNot stated.
=584  \\$aAccepting data submissions: No.
=588  \\$aDescription based on contents viewed on July 23, 2014; title from database home page.
=650  \0$aLivestock.
=650  \0$aGeodatabases.
=653  2\$aFood security
=653  2\$aNeglected Tropical Disease
=655  \7$aDataset.$2local
=655  \7$aObservational data.$2local
=655  \7$aReference data.$2local
=690  7\$aResearch Datasets Collection$2blcoll
=710  2\$aInternational Livestock Research Institute.
=856  40$uhttp://192.156.137.110/gis/$yResearch Datasets Collection
=859  \\$aXLD$bdatasets
=CAT  \\$aRESDATASET$b00$c20130823$lBLL01$h1203
=CAT  \\$a7332$b40$c20140722$lBLL01$h1330
=CAT  \\$a7332$b40$c20140723$lBLL01$h0758
=CAT  \\$aW1606-1753$c20171028$lBLL01$h1352
=FIN  \\$aY$d20140722
=SRC  \\$aBLDatasets$bdatasets20130822.xml
=LAS  \\$aW1606-1753$b00$c20171028$lBLL01$h1352

