=LDR  01870 mi a2200493 i 4500
=001  016480412
=003  Uk
=005  20140701110336.0
=006  s||\d|||||||0\\\a2
=007  cr\|||||||||||
=008  130823cuuuu9999xxu\\\\\o\\j\\\\\\\\eng\\
=FMT  \\$a  CF
=024  7\$astm20130403m$2local
=040  \\$aUk$beng$cUk$erda
=042  \\$aukblsr
=082  04$a634.99$223
=245  00$aWorld Agroforestry Centre - ICRAF Dataverse.
=264  \1$aCambridge, MA :$bDataverse
=300  \\$a1 online resource
=336  \\$acomputer dataset$2rdacontent
=336  \\$atext$2rdacontent
=337  \\$acomputer$2rdamedia
=338  \\$aonline resource$2rdacarrier
=506  \\$aData are free to access.
=516  \\$aapplication/pdf; application/msword; text/plain; application/msexcel.
=520  3\$aProvides data from world Agroforestry Centre researchers. This is data that underpins the Centre's publications as well as previously unpublished data. Data ranges from plant biological data on forest species to socio economic data.
=540  \\$aNot stated.
=584  \\$aAccepting data submissions: No.
=588  \\$aDescription based on contents viewed on July 1, 2014; title from database home page.
=650  \0$aAgroforestry$vDatabases.
=653  2\$aFood security
=655  \7$aDataset.$2local
=655  \7$aExperimental data.$2local
=655  \7$aMonitoring data.$2local
=690  7\$aResearch Datasets Collection$2blcoll
=710  2\$aWorld Agroforestry Centre.
=856  40$uhttp://dvn.iq.harvard.edu/dvn/dv/icraf$yResearch Datasets Collection
=859  \\$aXLD$bdatasets
=CAT  \\$aRESDATASET$b00$c20130823$lBLL01$h1203
=CAT  \\$a7332$b40$c20140701$lBLL01$h1103
=CAT  \\$aW1606-1753$c20171028$lBLL01$h1352
=FIN  \\$aY$d20140701
=SRC  \\$aBLDatasets$bdatasets20130822.xml
=LAS  \\$aW1606-1753$b00$c20171028$lBLL01$h1352

