=LDR  02152 mi a2200529 i 4500
=001  016480413
=003  Uk
=005  20140707085046.0
=006  s||\d|||||||0\\\a2
=007  cr\|||||||||||
=008  130823c20uu9999xxu\\\\\o\\j\\\\\\\\eng\\
=FMT  \\$a  CF
=024  7\$astm20130404a$2local
=040  \\$aUk$beng$cUk$erda
=042  \\$aukblsr
=082  04$a630$223
=245  00$aASTI.$pData Tool.
=264  31$aWashington DC :$bASTI
=300  \\$a1 online resource
=336  \\$acomputer dataset$2rdacontent
=336  \\$atext$2rdacontent
=337  \\$acomputer$2rdamedia
=338  \\$aonline resource$2rdacarrier
=500  \\$aAlso issued in French.
=506  \\$aData are free to access.
=516  \\$aimage/png; application/msexcel.
=520  3\$aVisualises spending on agricultural research and development across 'low and middle income' countries. This spending can be compared across sectors (e.g. government, higher education, third sector) and countries. The visualisations can be downloaded as images, and the data behind the graphs can be downloaded in Excel.
=540  \\$aNot stated.
=584  \\$aAccepting data submissions: No.
=588  \\$aDescription based on: Version 1.1 viewed on July 7, 2014; title from database home page.
=650  \0$aAgriculture$xResearch.
=653  2\$aFood security
=655  \7$aDataset.$2local
=655  \7$aMonitoring data.$2local
=655  \7$aStatistics.$2local
=690  7\$aResearch Datasets Collection$2blcoll
=710  2\$aAgricultural Science and Technology Indicators Initiative.
=856  40$uhttp://www.asti.cgiar.org/data/$yResearch Datasets Collection
=859  \\$aXLD$bdatasets
=985  \\$ahttp://www.asti.cgiar.org/data-graphics - for title, 246 Data and Graphics. Opens up with Data Tool and version 1.1 as loading but then changes!
=CAT  \\$aRESDATASET$b00$c20130823$lBLL01$h1203
=CAT  \\$a7332$b40$c20140707$lBLL01$h0835
=CAT  \\$a7332$b40$c20140707$lBLL01$h0850
=CAT  \\$aW1606-1753$c20171028$lBLL01$h1352
=FIN  \\$aY$d20140707
=SRC  \\$aBLDatasets$bdatasets20130822.xml
=LAS  \\$aW1606-1753$b00$c20171028$lBLL01$h1352

