=LDR  01914 mi a2200493 i 4500
=001  016480414
=003  Uk
=005  20140707102359.0
=006  s||\d|||||||0\\\a2
=007  cr\|||||||||||
=008  130823c20039999gw\\\\\\o\\j\\\\\\\\eng\\
=FMT  \\$a  CF
=024  7\$astm20130404b$2local
=040  \\$aUk$beng$cUk$erda
=042  \\$aukblsr
=082  04$a354.54$223
=245  00$aCrop-EST :$bthe IPK Crop EST Database.
=246  3\$aCrop EST Database
=264  31$aGatersleben :$bLeibniz Institute of Plant Genetics and Crop Plant Research,$c2003-
=300  \\$a1 online resource
=336  \\$acomputer dataset$2rdacontent
=336  \\$atext$2rdacontent
=337  \\$acomputer$2rdamedia
=338  \\$aonline resource$2rdacarrier
=506  \\$aData are free to access.
=520  3\$aProvides genetic information on barley (Hordeum vulgare), pea (Pisum sativum), potato (Solanum tuberosum), wheat (Triticum aestivum) and tobacco (Nicotiana tabacum). With cDNA libraries and gene annotation. BLAST search is provided.
=540  \\$aNot stated.
=584  \\$aAccepting data submissions: No.
=588  \\$aDescription based on: Release 1.5 viewed on July 7, 2014; title from database home page.
=650  \0$aCrops$vDatabases.
=653  2\$aFood security
=655  \7$aDataset.$2local
=655  \7$aExperimental data.$2local
=655  \7$aReference data.$2local
=690  7\$aResearch Datasets Collection$2blcoll
=710  2\$aLeibniz-Institut für Pflanzengenetik und Kulturpflanzenforschung.
=856  40$uhttp://pgrc.ipk-gatersleben.de/cr-est/index.php$yResearch Datasets Collection
=859  \\$aXLD$bdatasets
=CAT  \\$aRESDATASET$b00$c20130823$lBLL01$h1203
=CAT  \\$a7332$b40$c20140707$lBLL01$h1023
=CAT  \\$aW1606-1753$c20171028$lBLL01$h1352
=FIN  \\$aY$d20140707
=SRC  \\$aBLDatasets$bdatasets20130822.xml
=LAS  \\$aW1606-1753$b00$c20171028$lBLL01$h1352

