=LDR  01842 mi a2200541 i 4500
=001  016480416
=003  Uk
=005  20141008075837.0
=006  s||\d|||||||0\\\a2
=007  cr\|||||||||||
=008  130823c20139999ii\\\\\\o\\j\\\\\\\\eng\\
=FMT  \\$a  CF
=024  7\$astm20130510a$2local
=040  \\$aUk$beng$cUk$erda
=042  \\$aukblsr
=082  04$a633.18233$223
=245  00$aRice Stress-Responsive Transcription Factor Database.
=246  3\$aRiceSRTFDB
=264  \1$aNew Delhi :$bNational Institute of Plant Genome Research, New Delhi, India,$c2013-
=300  \\$a1 online resource
=336  \\$acomputer dataset$2rdacontent
=336  \\$atext$2rdacontent
=337  \\$acomputer$2rdamedia
=338  \\$aonline resource$2rdacarrier
=506  \\$aData are free to access.
=510  0\$uhttp://dx.doi.org/10.1093/database/bat027
=516  \\$aapplication/zip.
=540  \\$aNot stated.
=584  \\$aAccepting data submissions: No.
=588  \\$aDescription based on contents viewed on October 8, 2014; title from database home page.
=650  \0$aRice$xGenetics.
=650  \0$aTranscription factors.
=653  \\$aGenetic Processes
=653  \\$aField Crop Products
=653  2\$aFood security
=655  \7$aDataset.$2local
=655  \7$aExperimental data.$2local
=655  \7$aReference data.$2local
=690  7\$aResearch Datasets Collection$2blcoll
=710  2\$aNational Institute of Plant Genome Research.
=856  40$uhttp://www.nipgr.res.in/RiceSRTFDB.html$yResearch Datasets Collection
=859  \\$aXLD$bdatasets
=CAT  \\$aRESDATASET$b00$c20130823$lBLL01$h1203
=CAT  \\$a7332$b40$c20141008$lBLL01$h0758
=CAT  \\$aW1606-1753$c20171028$lBLL01$h1352
=FIN  \\$aY$d20141008
=SRC  \\$aBLDatasets$bdatasets20130822.xml
=LAS  \\$aW1606-1753$b00$c20171028$lBLL01$h1352

