=LDR  01850 mi a2200553 i 4500
=001  016480417
=003  Uk
=005  20140826115310.0
=006  s||\d|||||||0\\\a2
=007  cr\|||||||||||
=008  130823c20uu9999enk\\\\\o\\j\\\\\\\\eng\\
=FMT  \\$a  CF
=024  7\$astm20130510b$2local
=040  \\$aUk$beng$cUk$erda
=042  \\$aukblsr
=082  04$a571.948$223
=245  00$aPhenoDigm.
=246  3\$aPHENOtype comparisons for DIsease and Gene Models
=264  \1$aHinxton :$bWellcome Trust Sanger Institute
=300  \\$a1 online resource
=336  \\$acomputer dataset$2rdacontent
=336  \\$atext$2rdacontent
=337  \\$acomputer$2rdamedia
=338  \\$aonline resource$2rdacarrier
=506  \\$aData are free to access.
=510  0\$uhttp://dx.doi.org/10.1093/database/bat025
=540  \\$aNot stated.
=584  \\$aAccepting data submissions: No.
=588  \\$aDescription based on contents viewed on August 26, 2014 ; title from database Web page.
=650  \0$aPhenotype.
=650  \0$aGenetic disorders.
=650  \0$aGenetic disorders in animals.
=653  \\$aPhenotype
=653  \\$aGenetic Variation
=653  2\$aModel Organisms
=655  \7$aDataset.$2local
=655  \7$aExperimental data.$2local
=655  \7$aReference data.$2local
=690  7\$aResearch Datasets Collection$2blcoll
=710  2\$aSanger Institute (Hinxton, England)
=856  40$uhttp://www.sanger.ac.uk/resources/databases/phenodigm/$yResearch Datasets Collection
=859  \\$aXLD$bdatasets
=CAT  \\$aRESDATASET$b00$c20130823$lBLL01$h1203
=CAT  \\$a7332$b40$c20140826$lBLL01$h1153
=CAT  \\$aW1606-1753$c20171028$lBLL01$h1352
=CAT  \\$aBATCH-UPD$b00$c20180315$lBLL01$h0025
=FIN  \\$aY$d20140826
=SRC  \\$aBLDatasets$bdatasets20130822.xml
=LAS  \\$aBATCH-UPD$b00$c20180315$lBLL01$h0025

