=LDR  01937 mi a2200493 i 4500
=001  016480418
=003  Uk
=005  20140709085028.0
=006  s||\d|||||||0\\\a2
=007  cr\|||||||||||
=008  130823c20079999ii\\\\\\o\\j\\\\\\\\eng\\
=FMT  \\$a  CF
=024  7\$astm20130603a$2local
=040  \\$aUk$beng$cUk$erda
=042  \\$aukblsr
=082  04$a553.70954$223
=245  00$aIndia Water Portal Data Finder.
=264  31$a[India?] :$bIndia Water Portal,$c[2007]-
=300  \\$a1 online resource
=336  \\$acomputer dataset$2rdacontent
=336  \\$atext$2rdacontent
=337  \\$acomputer$2rdamedia
=338  \\$aonline resource$2rdacarrier
=506  \\$aData are free to access.
=520  3\$aProvides downloads or links to download water statistics from across India. Few datasets are available to download directly from the site, but the search is useful in identifying data and statistics held within reports on various Indian government agencies and regional administrations. Data can be searched by topic, geographic coverage, and years covered.
=540  \\$aNot stated.
=584  \\$aAccepting data submissions: No.
=588  \\$aDescription based on contents viewed on July 9, 2014; title from database home page.
=522  \\$aIndia.
=650  \0$aWater-supply$zIndia$vStatistics.
=653  2\$aFood security
=655  \7$aDataset.$2local
=655  \7$aStatistics.$2local
=655  \7$aObservational data.$2local
=690  7\$aResearch Datasets Collection$2blcoll
=710  2\$aIndia Water Portal.
=856  40$uhttp://www.indiawaterportal.org/datafinder$yResearch Datasets Collection
=859  \\$aXLD$bdatasets
=CAT  \\$aRESDATASET$b00$c20130823$lBLL01$h1203
=CAT  \\$a7332$b40$c20140709$lBLL01$h0850
=CAT  \\$aW1606-1753$c20171028$lBLL01$h1352
=FIN  \\$aY$d20140709
=SRC  \\$aBLDatasets$bdatasets20130822.xml
=LAS  \\$aW1606-1753$b00$c20171028$lBLL01$h1352

