=LDR  02206 mi a2200577 i 4500
=001  016480419
=003  Uk
=005  20140709110541.0
=006  s||\d|||||||0\\\a2
=007  cr\|||||||||||
=008  130823c20uu9999fr\\\\\\o\\j\\\\\\\\eng\\
=FMT  \\$a  CF
=024  7\$astm20130605a$2local
=040  \\$aUk$beng$cUk$erda
=042  \\$aukblsr
=082  04$a634.772$223
=245  04$aThe Banana Genome Hub.
=264  \1$a[Paris] :$bCentre de Coopration Internationale en Recherche Agronomique pour le Dveloppement
=300  \\$a1 online resource
=336  \\$acomputer dataset$2rdacontent
=336  \\$atext$2rdacontent
=337  \\$acomputer$2rdamedia
=338  \\$aonline resource$2rdacarrier
=506  \\$aData are free to access.
=510  \\$uhttp://dx.doi.org/10.1093/database/bat035
=516  \\$aapplication/x-gunzip; FASTA.
=520  3\$aThis is a hub for genomic and genetic data from the banana (Musa acuminata). Full gene function and assemblies can be downloaded, as well as nucleotide and amino acid coding sequences. Data is also available covering gene structure, families and product information; metabolism; ESTs; RNA-Seq; SNPs and genetic maps.
=540  \\$aNot stated.
=584  \\$aAccepting data submissions: No.
=588  \\$aDescription based on contents viewed on July 9, 2014; title from Web page.
=650  \0$aBananas$xGenetics.
=650  \0$aBananas$xGenome mapping.
=653  \\$aGenetic Variation
=653  \\$aPlant Breeding and Genetics
=653  \\$aFruit Products
=653  2\$aFood security
=655  \7$aDataset.$2local
=655  \7$aReference data.$2local
=690  7\$aResearch Datasets Collection$2blcoll
=710  2\$aCIRAD (Organization)
=710  2\$aBiodiversity International.
=856  40$uhttp://banana-genome.cirad.fr/$yResearch Datasets Collection
=859  \\$aXLD$bdatasets
=985  \\$a510?
=CAT  \\$aRESDATASET$b00$c20130823$lBLL01$h1203
=CAT  \\$a7332$b40$c20140709$lBLL01$h1038
=CAT  \\$a7332$b40$c20140709$lBLL01$h1105
=CAT  \\$aW1606-1753$c20171028$lBLL01$h1352
=FIN  \\$aY$d20140709
=SRC  \\$aBLDatasets$bdatasets20130822.xml
=LAS  \\$aW1606-1753$b00$c20171028$lBLL01$h1352

