=LDR  01801 mi a2200517 i 4500
=001  016480420
=003  Uk
=005  20140709114659.0
=006  s||\d|||||||0\\\a2
=007  cr\|||||||||||
=008  130823c20uu9999sp\\\\\\o\\j\\\\\\\\eng\\
=FMT  \\$a  CF
=024  7\$astm20130611a$2local
=040  \\$aUk$beng$cUk$erda
=042  \\$aukblsr
=082  04$a597.783$223
=245  00$aICCAT statistical databases.
=264  \1$aMadrid:$bInternational Commission for the Conservation of Atlantic Tunas
=300  \\$a1 online resource
=336  \\$acomputer dataset$2rdacontent
=336  \\$atext$2rdacontent
=337  \\$acomputer$2rdamedia
=338  \\$aonline resource$2rdacarrier
=500  \\$aAlso issued in French and Spanish.
=506  \\$aData are free to access.
=516  \\$aapplication/msexcel; text/html; application/msaccess.
=540  \\$aNot stated.
=584  \\$aData are collected by contracted parties and submitted to ICCAT.
=588  \\$aDescription based on contents viewed on July 9, 2014; title from Web page.
=584  \\$aAccepting data submissions: No.
=650  \0$aTuna$vDatabases.
=653  \\$aFisheries (ocean)
=653  \\$aFish
=653  2\$aFood security
=655  \7$aDataset.$2local
=655  \7$aMonitoring data.$2local
=690  7\$aResearch Datasets Collection$2blcoll
=710  2\$aInternational Commission for the Conservation of Atlantic Tunas.
=856  40$uhttp://www.iccat.int/en/accesingdb.htm$yResearch Datasets Collection
=859  \\$aXLD$bdatasets
=CAT  \\$aRESDATASET$b00$c20130823$lBLL01$h1203
=CAT  \\$a7332$b40$c20140709$lBLL01$h1146
=CAT  \\$aW1606-1753$c20171028$lBLL01$h1352
=FIN  \\$aY$d20140709
=SRC  \\$aBLDatasets$bdatasets20130822.xml
=LAS  \\$aW1606-1753$b00$c20171028$lBLL01$h1352

