=LDR  02059 mi a2200529 i 4500
=001  016480421
=003  Uk
=005  20140715105050.0
=006  s||\d|||||||0\\\a2
=007  cr\|||||||||||
=008  130823c20uu9999xxu\\\\\o\\j\\\\\\\\eng\\
=FMT  \\$a  CF
=024  7\$astm20130617a$2local
=040  \\$aUk$beng$cUk$erda
=042  \\$aukblsr
=082  04$a639.2709797$223
=245  00$aStreamNet.
=264  \1$aPortland :$bColumbia River Inter-Tribal Fish Commission
=300  \\$a1 online resource
=336  \\$acomputer dataset$2rdacontent
=336  \\$atext$2rdacontent
=337  \\$acomputer$2rdamedia
=338  \\$aonline resource$2rdacarrier
=506  \\$aData are free to access.
=516  \\$aapplication/msaccess; application/msexcel; text/csv; text/xml.
=520  3\$aFish and fisheries data for United States northwest, particularly the Columbia river basin. The whole StreamNet database can be downloaded in MS Access format, or queried on the website by species and location.
=540  \\$aNot stated.
=584  \\$aAccepting data submissions: No.
=588  \\$aDescription based on contents viewed on July 15, 2014; title from database home page.
=522  \\$aUnited States, Pacific Northwest.
=650  \0$aAnadromous fishes$zColumbia River Watershed$vDatabases.
=650  \0$aFisheries$zColumbia River Watershed$vDatabases.
=653  2\$aFood security
=653  2\$aLiving With Environmental Change
=655  \7$aDataset.$2local
=655  \7$aMonitoring data.$2local
=690  7\$aResearch Datasets Collection$2blcoll
=710  2\$aColumbia River Inter-Tribal Fish Commission.
=710  2\$aPacific States Marine Fisheries Commission.
=856  40$uhttp://www.streamnet.org/$yResearch Datasets Collection
=859  \\$aXLD$bdatasets
=CAT  \\$aRESDATASET$b00$c20130823$lBLL01$h1203
=CAT  \\$a7332$b40$c20140715$lBLL01$h1050
=CAT  \\$aW1606-1753$c20171028$lBLL01$h1352
=FIN  \\$aY$d20140715
=SRC  \\$aBLDatasets$bdatasets20130822.xml
=LAS  \\$aW1606-1753$b00$c20171028$lBLL01$h1352

