=LDR  01857 mi a2200517 i 4500
=001  016480423
=003  Uk
=005  20140710084843.0
=006  s||\d|||||||0\\\a2
=007  cr\|||||||||||
=008  130823c20099999it\\\\\\o\\j\\\\\\\\eng\\
=FMT  \\$a  CF
=024  7\$astm20130617c$2local
=040  \\$aUk$beng$cUk$erda
=042  \\$aukblsr
=082  04$a338.3727$223
=245  00$aFishStatJ :$bsoftware for fishery statistical time series.
=264  \1$a[Rome] :$bFood and Agriculture Organization of the United Nations,$c2009-
=300  \\$a1 online resource
=336  \\$acomputer dataset$2rdacontent
=336  \\$atext$2rdacontent
=337  \\$acomputer$2rdamedia
=338  \\$aonline resource$2rdacarrier
=506  \\$aData are free to access.
=540  \\$aNot stated.
=584  \\$aAccepting data submissions: No.
=588  \\$aDescription based on contents viewed on July 10, 2014; title from Web page.
=650  \0$aFisheries$xCatch effort$xStatistics$vDatabases.
=650  \0$aFisheries$vStatistics$vDatabases.
=650  \0$aAquaculture$xStatistics$vDatabases.
=653  \\$aFisheries
=653  \\$aFisheries (ocean)
=653  2\$aFood security
=655  \7$aDataset.$2local
=655  \7$aMonitoring data.$2local
=655  \7$aStatistics.$2local
=690  7\$aResearch Datasets Collection$2blcoll
=710  2\$aFood and Agriculture Organization of the United Nations.$bFisheries and Aquaculture Department.
=856  40$uhttp://www.fao.org/fishery/statistics/software/fishstatj/en$yResearch Datasets Collection
=859  \\$aXLD$bdatasets
=CAT  \\$aRESDATASET$b00$c20130823$lBLL01$h1203
=CAT  \\$a7332$b40$c20140710$lBLL01$h0848
=CAT  \\$aW1606-1753$c20171028$lBLL01$h1352
=FIN  \\$aY$d20140710
=SRC  \\$aBLDatasets$bdatasets20130822.xml
=LAS  \\$aW1606-1753$b00$c20171028$lBLL01$h1352

