=LDR  01707 mi a2200481 i 4500
=001  016480424
=003  Uk
=005  20140826112307.0
=006  s||\d|||||||0\\\a2
=007  cr\|||||||||||
=008  130823c20uu9999xxu\\\\\o\\j\\\\\\\\eng\\
=FMT  \\$a  CF
=024  7\$astm20130618a$2local
=040  \\$aUk$beng$cUk$erda
=042  \\$aukblsr
=082  04$a595.774072$223
=245  00$aGene Disruption Project Database.
=264  \1$aHouston :$bBaylor College of Medicine
=300  \\$a1 online resource
=336  \\$acomputer dataset$2rdacontent
=336  \\$atext$2rdacontent
=337  \\$acomputer$2rdamedia
=338  \\$aonline resource$2rdacarrier
=506  \\$aData are free to access.
=520  3\$aBasic data on Drosophila melanogaster (fruit fly) insertion mutant genes. Queries by gene, position or line will give basic data on the mutation and links to stock.
=540  \\$aNot stated.
=584  \\$aAccepting data submissions: No.
=588  \\$aDescription based on: ; title from (viewed on ).
=650  \0$aDrosophila$xGenetics$vDatabases.
=653  2\$aModel Organisms
=655  \7$aDataset.$2local
=655  \7$aExperimental data.$2local
=655  \7$aReference data.$2local
=690  7\$aResearch Datasets Collection$2blcoll
=710  2\$aBaylor College of Medicine.
=856  40$uhttp://flypush.imgen.bcm.tmc.edu/pscreen/about.html$yResearch Datasets Collection
=859  \\$aXLD$bdatasets
=CAT  \\$aRESDATASET$b00$c20130823$lBLL01$h1203
=CAT  \\$a7332$b40$c20140826$lBLL01$h1123
=CAT  \\$aW1606-1753$c20171028$lBLL01$h1352
=FIN  \\$aY$d20140826
=SRC  \\$aBLDatasets$bdatasets20130822.xml
=LAS  \\$aW1606-1753$b00$c20171028$lBLL01$h1352

