=LDR  02184 mi a2200577 i 4500
=001  016480425
=003  Uk
=005  20140826113912.0
=006  s||\d|||||||0\\\a2
=007  cr\|||||||||||
=008  130823c20uu9999xxu\\\\\o\\j\\\\\\\\eng\\
=FMT  \\$a  CF
=024  7\$astm20130618b$2local
=040  \\$aUk$beng$cUk$erda
=042  \\$aukblsr
=082  04$a595.774072$223
=245  00$aPatterns of gene expression in Drosophila embryogenesis.
=264  \1$aBerkeley :$bBerkeley Drosophila Genome Project
=300  \\$a1 online resource
=336  \\$acomputer dataset$2rdacontent
=336  \\$atext$2rdacontent
=337  \\$acomputer$2rdamedia
=338  \\$aonline resource$2rdacarrier
=506  \\$aData are free to access.
=516  \\$atext/html; image/jpg; text/csv.
=520  3\$aImages of in situ gene expression in the Drosophila melanogaster embryo at various stages of development. Annotations can be downloaded in bulk. Data can be queried by key terms or browsed.
=540  \\$aNot stated.
=584  \\$aData are generated by participants in the Berkeley Drosophila Genome Project.
=588  \\$aDescription based on Release 3 viewed on August 26, 2014 ; title from database Web page.
=584  \\$aAccepting data submissions: No.
=650  \0$aDrosophila$xGenetics$vDatabases.
=650  \0$aDrosophila$xEmbryology$vDatabases.
=650  \0$aGene expression.
=653  \\$aGenetic Variation
=653  \\$aEmbryo, Nonmammalian
=653  2\$aModel Organisms
=655  \7$aDataset.$2local
=655  \7$aExperimental data.$2local
=655  \7$aReference data.$2local
=690  7\$aResearch Datasets Collection$2blcoll
=710  2\$aBerkeley Drosophila Genome Project.
=856  40$uhttp://insitu.fruitfly.org/cgi-bin/ex/insitu.pl$yResearch Datasets Collection
=859  \\$aXLD$bdatasets
=985  \\$a710 = new hdg.
=CAT  \\$aRESDATASET$b00$c20130823$lBLL01$h1203
=CAT  \\$a7332$b40$c20140826$lBLL01$h1035
=CAT  \\$a7332$b40$c20140826$lBLL01$h1139
=CAT  \\$aW1606-1753$c20171028$lBLL01$h1352
=FIN  \\$aY$d20140826
=SRC  \\$aBLDatasets$bdatasets20130822.xml
=LAS  \\$aW1606-1753$b00$c20171028$lBLL01$h1352

