=LDR  01951 mi a2200541 i 4500
=001  016480426
=003  Uk
=005  20140923080129.0
=006  s||\d|||||||0\\\a2
=007  cr\|||||||||||
=008  130823c20049999xxu\\\\\o\\j\\\\\\\\eng\\
=FMT  \\$a  CF
=024  7\$astm20130618c$2local
=040  \\$aUk$beng$cUk$erda
=042  \\$aukblsr
=082  04$a579.432072$223
=245  00$adictyBase.
=264  \1$a[United States] :$bDictyBase,$c2004-
=300  \\$a1 online resource
=336  \\$acomputer dataset$2rdacontent
=336  \\$atext$2rdacontent
=337  \\$acomputer$2rdamedia
=338  \\$aonline resource$2rdacarrier
=506  \\$aData are free to access.
=510  0\$uhttp://dx.doi.org/10.1093/nar/gkh138
=516  \\$atext/csv; application/msexcel.
=520  3\$aGenetic and genomic data for Dictyostelium discoideum, D. purpureum, D. fasciculatum and Polysphondelium pallidum. Genome browser, BLAST, phenotype and pathway information are available, and data can be downloaded.
=540  \\$aNot stated.
=584  \\$aAccepting data submissions: No.
=588  \\$aDescription based on contents viewed on August 20, 2014 ; title from database home page.
=650  \0$aDictyostelium$xGenetics$vDatabases.
=653  \\$aModels, Animal
=653  \\$aGenetic Variation
=653  2\$aModel Organisms
=655  \7$aDataset.$2local
=655  \7$aExperimental data.$2local
=655  \7$aReference data.$2local
=690  7\$aResearch Datasets Collection$2blcoll
=710  2\$adictyBase (Database)
=856  40$uhttp://dictybase.org$yResearch Datasets Collection
=859  \\$aXLD$bdatasets
=CAT  \\$aRESDATASET$b00$c20130823$lBLL01$h1203
=CAT  \\$a7332$b40$c20140826$lBLL01$h1013
=CAT  \\$a7332$b40$c20140923$lBLL01$h0801
=CAT  \\$aW1606-1753$c20171028$lBLL01$h1352
=FIN  \\$aY$d20140826
=SRC  \\$aBLDatasets$bdatasets20130822.xml
=LAS  \\$aW1606-1753$b00$c20171028$lBLL01$h1352

