=LDR  02295 mi a2200577 i 4500
=001  016480427
=003  Uk
=005  20140826083011.0
=006  s||\d|||||||0\\\a2
=007  cr\|||||||||||
=008  130823c20uu9999stk\\\\\o\\j\\\\\\\\eng\\
=FMT  \\$a  CF
=024  7\$astm20130618d$2local
=040  \\$aUk$beng$cUk$erda
=042  \\$aukblsr
=082  04$a599.353072$223
=245  00$aEmouseatlas.
=246  3\$aEMA
=264  \1$aEdinburgh :$bMRC Human Genetics Unit, Western General Hospital
=300  \\$a1 online resource
=336  \\$acomputer dataset$2rdacontent
=336  \\$atext$2rdacontent
=337  \\$acomputer$2rdamedia
=338  \\$aonline resource$2rdacarrier
=506  \\$aData are free to access.
=516  \\$aimage/jpg.
=520  3\$aProvides a 3D mouse embryo anatomy atlas, which includes histology, and an in situ gene expression atlas mapped to the anatomy atlas. The anatomy atlas can be browsed by developmental stage. The gene expression atlas can be queried spatially, but also by gene and anatomy or a combination of these.
=540  \\$aA version of Science or Creative Commons.
=584  \\$aData is generated by the Human Genetics Unit, University of Edinburgh and submitted by other researchers in the community.
=588  \\$aDescription based on Release v3.5 viewed on August 26, 2014; title from database home page.
=584  \\$aAccepting data submissions: Yes.
=650  \0$aMice$xGenetics$vDatabases.
=650  \0$aGene expression$vAtlases.
=650  \0$aMice$xEmbryos$vAtlases.
=653  \\$aGenetic Variation
=653  \\$aEmbryo, Mammalian
=653  \\$aModels, Animal
=653  2\$aModel Organisms
=655  \7$aDataset.$2local
=655  \7$aReference data.$2local
=655  \7$aRecordings.$2local
=690  7\$aResearch Datasets Collection$2blcoll
=710  2\$aWestern General Hospital (Edinburgh, Scotland).$bMRC Human Genetics Unit.
=856  40$uhttp://www.emouseatlas.org/$yResearch Datasets Collection
=859  \\$aXLD$bdatasets
=CAT  \\$aRESDATASET$b00$c20130823$lBLL01$h1203
=CAT  \\$a7332$b40$c20140826$lBLL01$h0830
=CAT  \\$aW1606-1753$c20171028$lBLL01$h1352
=FIN  \\$aY$d20140826
=SRC  \\$aBLDatasets$bdatasets20130822.xml
=LAS  \\$aW1606-1753$b00$c20171028$lBLL01$h1352

