=LDR  01906 mi a2200505 i 4500
=001  016480428
=003  Uk
=005  20140826074656.0
=006  s||\d|||||||0\\\a2
=007  cr\|||||||||||
=008  130823c199u9999xxu\\\\\o\\j\\\\\\\\eng\\
=FMT  \\$a  CF
=024  7\$astm20130618e$2local
=040  \\$aUk$beng$cUk$erda
=042  \\$aukblsr
=082  04$a595.774072$223
=245  00$aFlyBase :$bA Database of Drosophila Genes & Genomes.
=264  \1$a[Bethesda] :$bGenetics Society of America
=300  \\$a1 online resource
=336  \\$acomputer dataset$2rdacontent
=336  \\$atext$2rdacontent
=337  \\$acomputer$2rdamedia
=338  \\$aonline resource$2rdacarrier
=506  \\$aData are free to access.
=540  \\$aMay be copied for non-commercial, scientific uses by individuals or organizations (including for-profit organizations). Any commercial use of this publication, or any parts thereof, is expressly prohibited without permission in writing.
=584  \\$aAccepting data submissions: No.
=588  \\$aDescription based on FB2014_04 viewed on August 26, 2014; title from database home page.
=650  \0$aDrosophila$xGenetics$vDatabases.
=650  \0$aDrosophila$xGenome mapping$vDatabases.
=653  \\$aModels, Animal
=653  \\$aGenetic Variation
=653  2\$aModel Organisms
=655  \7$aDataset.$2local
=655  \7$aExperimental data.$2local
=655  \7$aReference data.$2local
=690  7\$aResearch Datasets Collection$2blcoll
=710  2\$aGenetics Society of America.
=856  40$uhttp://www.FlyBase.org$yResearch Datasets Collection
=859  \\$aXLD$bdatasets
=CAT  \\$aRESDATASET$b00$c20130823$lBLL01$h1203
=CAT  \\$a7332$b40$c20140826$lBLL01$h0746
=CAT  \\$aW1606-1753$c20171028$lBLL01$h1352
=FIN  \\$aY$d20140826
=SRC  \\$aBLDatasets$bdatasets20130822.xml
=LAS  \\$aW1606-1753$b00$c20171028$lBLL01$h1352

