=LDR  01952 mi a2200541 i 4500
=001  016480429
=003  Uk
=005  20140822133952.0
=006  s||\d|||||||0\\\a2
=007  cr\|||||||||||
=008  130823c19969999xxu\\\\\o\\j\\\\\\\\eng\\
=FMT  \\$a  CF
=024  7\$astm20130618f$2local
=040  \\$aUk$beng$cUk$erda
=042  \\$aukblsr
=082  04$a599.353072$223
=245  04$aThe Mouse Brain Library.
=246  3\$aMBL
=264  \1$aMemphis :$bUniversity of Tennessee Health Science Center,$c1996-
=300  \\$a1 online resource
=336  \\$acomputer dataset$2rdacontent
=336  \\$atext$2rdacontent
=337  \\$acomputer$2rdamedia
=338  \\$aonline resource$2rdacarrier
=506  \\$aData are free to access.
=520  3\$aProvides high resolution images of mouse brains from various genetic strains. The library can be queried by strain, age, sex and other sample parameters. Also includes the Mouse Optic Nerve Image Database (MONID).
=540  \\$aNot stated.
=584  \\$aAccepting data submissions: No.
=588  \\$aDescription based on contents viewed on August 22, 2014; title from database home page.
=650  \0$aMice$xAnatomy$vAtlases.
=650  \0$aBrain$xAnatomy$vAtlases.
=653  \\$aModels, Animal
=653  \\$aNervous System
=653  2\$aModel Organisms
=655  \7$aDataset.$2local
=655  \7$aRecordings.$2local
=655  \7$aExperimental data.$2local
=690  7\$aResearch Datasets Collection$2blcoll
=710  2\$aUniversity of Tennessee, Memphis.$bHealth Science Center.
=856  40$uhttp://www.mbl.org/$yResearch Datasets Collection
=859  \\$aXLD$bdatasets
=985  \\$a710 = new hdg.
=CAT  \\$aRESDATASET$b00$c20130823$lBLL01$h1203
=CAT  \\$a7332$b40$c20140822$lBLL01$h1339
=CAT  \\$aW1606-1753$c20171028$lBLL01$h1352
=FIN  \\$aY$d20140822
=SRC  \\$aBLDatasets$bdatasets20130822.xml
=LAS  \\$aW1606-1753$b00$c20171028$lBLL01$h1352

