=LDR  01944 mi a2200517 i 4500
=001  016480430
=003  Uk
=005  20140822112217.0
=006  s||\d|||||||0\\\a2
=007  cr\|||||||||||
=008  130823c19989999xxu\\\\\o\\j\\\\\\\\eng\\
=FMT  \\$a  CF
=024  7\$astm20130618g$2local
=040  \\$aUk$beng$cUk$erda
=042  \\$aukblsr
=082  04$a599.353072$223
=245  00$aMouse Tumor Biology Database.
=246  3\$aMTB
=264  \1$aBar Harbor :$bThe Jackson Laboratory,$c1998-
=300  \\$a1 online resource
=336  \\$acomputer dataset$2rdacontent
=336  \\$atext$2rdacontent
=337  \\$acomputer$2rdamedia
=338  \\$aonline resource$2rdacarrier
=506  \\$aData are free to access.
=520  3\$aMouse tumor biology data and pathology images can be queried by mouse strain, genetics, tissue and tumour type.
=540  \\$aThis software and data are provided to enhance knowledge and encourage progress in the scientific community and are to be used only for research and educational purposes.
=584  \\$aAccepting data submissions: No.
=588  \\$aDescription based on MTB 1.7.0 viewed on August 22, 2014; title from database home page.
=650  \0$aMice$vTumors$vDatabases.
=653  \\$aModels, Animal
=653  \\$aNeoplasms, Experimental
=653  2\$aModel Organisms
=655  \7$aDataset.$2local
=655  \7$aExperimental data.$2local
=655  \7$aReference data.$2local
=690  7\$aResearch Datasets Collection$2blcoll
=710  2\$aJackson Laboratory (Bar Harbor, Me.)
=856  40$uhttp://tumor.informatics.jax.org/mtbwi/index.do$yResearch Datasets Collection
=859  \\$aXLD$bdatasets
=CAT  \\$aRESDATASET$b00$c20130823$lBLL01$h1203
=CAT  \\$a7332$b40$c20140822$lBLL01$h1122
=CAT  \\$aW1606-1753$c20171028$lBLL01$h1352
=FIN  \\$aY$d20140822
=SRC  \\$aBLDatasets$bdatasets20130822.xml
=LAS  \\$aW1606-1753$b00$c20171028$lBLL01$h1352

