=LDR  02051 mi a2200541 i 4500
=001  016480432
=003  Uk
=005  20140822102304.0
=006  s||\d|||||||0\\\a2
=007  cr\|||||||||||
=008  130823c20019999xxu\\\\\o\\j\\\\\\\\eng\\
=FMT  \\$a  CF
=024  7\$astm20130619a$2local
=040  \\$aUk$beng$cUk$erda
=042  \\$aukblsr
=082  04$a579.567072$223
=245  00$aNeurospora crassa Database.
=264  \1$aCambridge :$bBroad Institute,$c2001-
=300  \\$a1 online resource
=336  \\$acomputer dataset$2rdacontent
=336  \\$atext$2rdacontent
=337  \\$acomputer$2rdamedia
=338  \\$aonline resource$2rdacarrier
=506  \\$aData are free to access.
=516  \\$aFASTA; application/zip.
=520  3\$aGene, transcript and protein sequences, and annotations can be downloaded in full from the site. Otherwise data can be queried by BLAST or text searches. Genomes can be browsed by chromosome and phenotype can be searched by characteristic.
=540  \\$aNot stated.
=584  \\$aData were generated by the Broad institute and the N. crassa research community.
=588  \\$aDescription based on contents viewed on August 22, 2014; title from database home page.
=584  \\$aAccepting data submissions: No.
=650  \0$aNeurospora crassa$xGenetics$vDatabases.
=653  \\$aModels, Theoretical
=653  \\$aFungi
=653  \\$aGenetic Variation
=653  2\$aModel Organisms
=655  \7$aDataset.$2local
=655  \7$aExperimental data.$2local
=655  \7$aReference data.$2local
=690  7\$aResearch Datasets Collection$2blcoll
=710  2\$aBroad Institute.
=856  40$uhttp://www.broad.mit.edu/annotation/genome/neurospora/Home.html$yResearch Datasets Collection
=859  \\$aXLD$bdatasets
=CAT  \\$aRESDATASET$b00$c20130823$lBLL01$h1203
=CAT  \\$a7332$b40$c20140822$lBLL01$h1023
=CAT  \\$aW1606-1753$c20171028$lBLL01$h1352
=FIN  \\$aY$d20140822
=SRC  \\$aBLDatasets$bdatasets20130822.xml
=LAS  \\$aW1606-1753$b00$c20171028$lBLL01$h1352

