=LDR  01969 mi a2200529 i 4500
=001  016480433
=003  Uk
=005  20140822101949.0
=006  s||\d|||||||0\\\a2
=007  cr\|||||||||||
=008  130823c20uu9999xxu\\\\\o\\j\\\\\\\\eng\\
=FMT  \\$a  CF
=024  7\$astm20130619b$2local
=040  \\$aUk$beng$cUk$erda
=042  \\$aukblsr
=082  04$a599.353072$223
=245  00$aNIA Mouse Gene Index.
=264  \1$a[Bethesda] :$bNational Institute on Aging
=300  \\$a1 online resource
=336  \\$acomputer dataset$2rdacontent
=336  \\$atext$2rdacontent
=337  \\$acomputer$2rdamedia
=338  \\$aonline resource$2rdacarrier
=506  \\$aData are free to access.
=516  \\$aFASTA; text/plain.
=520  3\$aProvides alternative transcripts and splicing data from across the mouse genome (assemblies mm8 and mm9). You can upload a list of genes to query, or query by sequence, gene properties, location or ontology. Alternatively, the data can be downloaded for local use.
=540  \\$aNot stated.
=584  \\$aAccepting data submissions: No.
=588  \\$aDescription based on contents viewed on August 22, 2014; title from database home page.
=650  \0$aMice$xGenetics$vDatabases.
=653  \\$aModels, Animal
=653  \\$aGenetic Variation
=653  2\$aModel Organisms
=655  \7$aDataset.$2local
=655  \7$aExperimental data.$2local
=655  \7$aReference data.$2local
=690  7\$aResearch Datasets Collection$2blcoll
=710  2\$aNational Institute on Aging.
=856  40$uhttp://lgsun.grc.nia.nih.gov/geneindex/$yResearch Datasets Collection
=859  \\$aXLD$bdatasets
=CAT  \\$aRESDATASET$b00$c20130823$lBLL01$h1203
=CAT  \\$a7332$b40$c20140822$lBLL01$h1009
=CAT  \\$a7332$b40$c20140822$lBLL01$h1019
=CAT  \\$aW1606-1753$c20171028$lBLL01$h1352
=FIN  \\$aY$d20140822
=SRC  \\$aBLDatasets$bdatasets20130822.xml
=LAS  \\$aW1606-1753$b00$c20171028$lBLL01$h1352

