=LDR  02162 mi a2200565 i 4500
=001  016480434
=003  Uk
=005  20140923091710.0
=006  s||\d|||||||0\\\a2
=007  cr\|||||||||||
=008  130823c20uu9999enk\\\\\o\\j\\\\\\\\eng\\
=FMT  \\$a  CF
=024  7\$astm20130619c$2local
=040  \\$aUk$beng$cUk$erda
=042  \\$aukblsr
=082  04$a599.353072$223
=245  00$aPathbase :$bEuropean Mutant Mouse Pathology Database.
=246  3\$aEuropean Mutant Mouse Pathology Database
=264  \1$aCambridge :$bUniversity of Cambridge
=300  \\$a1 online resource
=336  \\$acomputer dataset$2rdacontent
=336  \\$atext$2rdacontent
=337  \\$acomputer$2rdamedia
=338  \\$aonline resource$2rdacarrier
=506  \\$aData are free to access.
=516  \\$aimage/jpg.
=520  3\$aPathbase provides histopathology images for tumours of mutant of genetically modified mice. These can be queried by mouse (sex, genotype, developmental stage, strain) or tumour (site, pathology) characteristics.
=540  \\$aA version of Science or Creative Commons.
=584  \\$aImage data was generated by the Pathbase consortium, but can be contributed by external researchers.
=588  \\$aDescription based on contents viewed on August 22, 2014; title from Web page.
=584  \\$aAccepting data submissions: Yes.
=650  \0$aMice$vTumors$xHistopathology$vAtlases.
=653  \\$aModels, Animal
=653  \\$aNeoplasms, Experimental
=653  2\$aModel Organisms
=655  \7$aDataset.$2local
=655  \7$aRecordings.$2local
=655  \7$aExperimental data.$2local
=690  7\$aResearch Datasets Collection$2blcoll
=710  2\$aPathbase Consortium.
=710  2\$aUniversity of Cambridge.
=856  40$uhttp://www.pathbase.net/$yResearch Datasets Collection
=859  \\$aXLD$bdatasets
=CAT  \\$aRESDATASET$b00$c20130823$lBLL01$h1203
=CAT  \\$a7332$b40$c20140822$lBLL01$h0837
=CAT  \\$a7332$b40$c20140923$lBLL01$h0917
=CAT  \\$aW1606-1753$c20171028$lBLL01$h1352
=FIN  \\$aY$d20140822
=SRC  \\$aBLDatasets$bdatasets20130822.xml
=LAS  \\$aW1606-1753$b00$c20171028$lBLL01$h1352

