=LDR  01834 mi a2200517 i 4500
=001  016480435
=003  Uk
=005  20140923104451.0
=006  s||\d|||||||0\\\a2
=007  cr\|||||||||||
=008  130823c20uu9999gw\\\\\\o\\j\\\\\\\\eng\\
=FMT  \\$a  CF
=024  7\$astm20130619e$2local
=040  \\$aUk$beng$cUk$erda
=042  \\$aukblsr
=082  04$a576.53$223
=245  00$aPhenomicDB.
=264  \1$a[Winden im Elztal] :$bMetalife AG
=300  \\$a1 online resource
=336  \\$acomputer dataset$2rdacontent
=336  \\$atext$2rdacontent
=337  \\$acomputer$2rdamedia
=338  \\$aonline resource$2rdacarrier
=506  \\$aData are free to access.
=520  3\$aAllows for comparison of genotype and phenotype across model organisms. Data is queried by key terms and IDs, and can be downloaded on request.
=540  \\$aNot stated.
=584  \\$aInitial data came from publicly available datasets, but have been integrated an enhanced by Metalife AG.
=588  \\$aDescription based on Version 3.9.5 viewed on August 22, 2014 ; title from database homepage.
=584  \\$aAccepting data submissions: No.
=650  \0$aPhenotype$vDatabases.
=653  \\$aPhenotype
=653  \\$aModels, Animal
=653  2\$aModel Organisms
=655  \7$aDataset.$2local
=655  \7$aExperimental data.$2local
=690  7\$aResearch Datasets Collection$2blcoll
=710  2\$aMetalife AG.
=856  40$uhttp://www.phenomicdb.de$yResearch Datasets Collection
=859  \\$aXLD$bdatasets
=CAT  \\$aRESDATASET$b00$c20130823$lBLL01$h1203
=CAT  \\$a7332$b40$c20140822$lBLL01$h0804
=CAT  \\$a7332$b40$c20140923$lBLL01$h1044
=CAT  \\$aW1606-1753$c20171028$lBLL01$h1352
=FIN  \\$aY$d20140822
=SRC  \\$aBLDatasets$bdatasets20130822.xml
=LAS  \\$aW1606-1753$b00$c20171028$lBLL01$h1352

