=LDR  01960 mi a2200529 i 4500
=001  016480438
=003  Uk
=005  20140821132641.0
=006  s||\d|||||||0\\\a2
=007  cr\|||||||||||
=008  130823c20uu9999enk\\\\\o\\j\\\\\\\\eng\\
=FMT  \\$a  CF
=024  7\$astm20130619h$2local
=040  \\$aUk$beng$cUk$erda
=042  \\$aukblsr
=082  04$a596.072$223
=245  00$aVega.
=264  \1$aHinxton :$bWellcome Trust Sanger Institute
=300  \\$a1 online resource
=336  \\$acomputer dataset$2rdacontent
=336  \\$atext$2rdacontent
=337  \\$acomputer$2rdamedia
=338  \\$aonline resource$2rdacarrier
=506  \\$aData are free to access.
=520  3\$aAnnotation of vertebrate genomes (human, Homo sapiens; chimpanzee, Pan troglodytes; mouse, Mus musculus; gorilla; zebrafish, Danio rerio; wallaby, Macropus eugenii; pig, Sus scrofa and dog, Canis familiaris) allowing users to search for genes across the genomes. Results can be exported for download.
=540  \\$aNot stated.
=584  \\$aAccepting data submissions: No.
=588  \\$aDescription based on Release 56 viewed on August 21, 2014; title from database home page.
=650  \0$aGenomes.
=650  \0$aGenetics.
=650  \0$aVertebrates$xGenetic aspects.
=653  \\$aGenetic Variation
=653  \\$aModels, Animal
=653  2\$aModel Organisms
=655  \7$aDataset.$2local
=655  \7$aExperimental data.$2local
=655  \7$aReference data.$2local
=690  7\$aResearch Datasets Collection$2blcoll
=710  2\$aWellcome Trust Sanger Institute.
=856  40$uhttp://vega.sanger.ac.uk/index.html$yResearch Datasets Collection
=859  \\$aXLD$bdatasets
=CAT  \\$aRESDATASET$b00$c20130823$lBLL01$h1203
=CAT  \\$a7332$b40$c20140821$lBLL01$h1326
=CAT  \\$aW1606-1753$c20171028$lBLL01$h1352
=FIN  \\$aY$d20140821
=SRC  \\$aBLDatasets$bdatasets20130822.xml
=LAS  \\$aW1606-1753$b00$c20171028$lBLL01$h1352

