=LDR  01809 mi a2200505 i 4500
=001  016480439
=003  Uk
=005  20140821130249.0
=006  s||\d|||||||0\\\a2
=007  cr\|||||||||||
=008  130823c20uu9999xxu\\\\\o\\j\\\\\\\\eng\\
=FMT  \\$a  CF
=024  7\$astm20130619i$2local
=040  \\$aUk$beng$cUk$erda
=042  \\$aukblsr
=082  04$a592.57072$223
=245  04$aThe WormImage Database.
=264  \1$aNew York :$bAlbert Einstein College of Medicine
=300  \\$a1 online resource
=336  \\$acomputer dataset$2rdacontent
=336  \\$atext$2rdacontent
=337  \\$acomputer$2rdamedia
=338  \\$aonline resource$2rdacarrier
=506  \\$aData are free to access.
=520  3\$aImages of Caenorhabditis elegans at various stages of development and with various imaging techniques. Users can browse images to search by sex, strain, age and tissue type.
=540  \\$aNot stated.
=584  \\$aAccepting data submissions: No.
=588  \\$aDescription based on contents viewed on August 21, 2014; title from database home page.
=650  \0$aCaenorhabditis elegans$xDevelopment$vDatabases.
=653  \\$aModels, Animal
=653  \\$aAnimal Structures
=653  2\$aModel Organisms
=655  \7$aDataset.$2local
=655  \7$aRecordings.$2local
=655  \7$aReference data.$2local
=690  7\$aResearch Datasets Collection$2blcoll
=710  2\$aAlbert Einstein College of Medicine.
=856  40$uhttp://www.wormimage.org$yResearch Datasets Collection
=859  \\$aXLD$bdatasets
=CAT  \\$aRESDATASET$b00$c20130823$lBLL01$h1203
=CAT  \\$a7332$b40$c20140821$lBLL01$h1302
=CAT  \\$aW1606-1753$c20171028$lBLL01$h1352
=FIN  \\$aY$d20140821
=SRC  \\$aBLDatasets$bdatasets20130822.xml
=LAS  \\$aW1606-1753$b00$c20171028$lBLL01$h1352

