=LDR  02224 mi a2200601 i 4500
=001  016480440
=003  Uk
=005  20140923112146.0
=006  s||\d|||||||0\\\a2
=007  cr\|||||||||||
=008  130823c20009999xx\\\\\\o\\j\\\\\\\\eng\\
=FMT  \\$a  CF
=024  7\$astm20130619j$2local
=040  \\$aUk$beng$cUk$erda
=042  \\$aukblsr
=082  04$a592.57072$223
=245  00$aWormbase.
=264  \1$a[Place of publication not identified] :$bWormbase,$c2000-
=300  \\$a1 online resource
=336  \\$acomputer dataset$2rdacontent
=336  \\$atext$2rdacontent
=337  \\$acomputer$2rdamedia
=338  \\$aonline resource$2rdacarrier
=506  \\$aData are free to access.
=540  \\$aCopyright California Institute of Technology, Ontario Institute for Cancer Research, Washington University at St. Louis, and Wellcome Trust Sanger Institute.
=584  \\$aWellcome Trust Sanger Institute.
=588  \\$aDescription based on Version: WS243 viewed on August 21, 2014; title from database home page.
=584  \\$aAccepting data submissions: Yes.
=650  \0$aCaenorhabditis elegans$xGenetics$vDatabases.
=650  \0$aCaenorhabditis elegans$vDatabases.
=650  \0$aNematodes$vDatabases.
=650  \0$aNematodes$xGenetics$vDatabases.
=653  \\$aModels, Animal
=653  2\$aModel Organisms
=655  \7$aDataset.$2local
=655  \7$aExperimental data.$2local
=655  \7$aReference data.$2local
=690  7\$aResearch Datasets Collection$2blcoll
=710  2\$aWormbase (Consortium)
=710  2\$aCalifornia Institute of Technology.
=710  2\$aOntario Institute for Cancer Research.
=710  2\$aWashington University (Saint Louis, Mo.)
=710  2\$aSanger Institute (Hinxton, England)
=856  40$uhttp://www.wormbase.org$yResearch Datasets Collection
=859  \\$aXLD$bdatasets
=CAT  \\$aRESDATASET$b00$c20130823$lBLL01$h1203
=CAT  \\$a7332$b40$c20140821$lBLL01$h1134
=CAT  \\$a7332$b40$c20140923$lBLL01$h1121
=CAT  \\$aW1606-1753$c20171028$lBLL01$h1352
=CAT  \\$aBATCH-UPD$b00$c20180315$lBLL01$h0025
=FIN  \\$aY$d20140821
=SRC  \\$aBLDatasets$bdatasets20130822.xml
=LAS  \\$aBATCH-UPD$b00$c20180315$lBLL01$h0025

