=LDR  01930 mi a2200517 i 4500
=001  016480441
=003  Uk
=005  20140821105232.0
=006  s||\d|||||||0\\\a2
=007  cr\|||||||||||
=008  130823c20uu9999xxc\\\\\o\\j\\\\\\\\eng\\
=FMT  \\$a  CF
=024  7\$astm20130619k$2local
=040  \\$aUk$beng$cUk$erda
=042  \\$aukblsr
=082  04$a597.86072$223
=245  00$aXenbase.
=264  \1$aCalgary :$bUniversity of Calgary
=300  \\$a1 online resource
=336  \\$acomputer dataset$2rdacontent
=336  \\$atext$2rdacontent
=337  \\$acomputer$2rdamedia
=338  \\$aonline resource$2rdacarrier
=506  \\$aData are free to access.
=520  3\$aA full resource for researchers using Xenopus laevis as a model organism. Data covers genetics, genomics, phenotype, anatomy, development and stock. Gene sequence and expression data can be downloaded via FTP.
=540  \\$aNot stated.
=584  \\$aData are from publicly available databases and submitted by the community.
=588  \\$aDescription based on Release 3.2 viewed on August 21, 2014; title from database home page.
=584  \\$aAccepting data submissions: Yes.
=650  \0$aXenopus laevis$xGenetics$vDatabases.
=650  \0$aXenopus laevis$xAnatomy$vDatabases.
=650  \0$aXenopus laevis$xDevelopment$vDatabases.
=653  \\$aModels, Animal
=653  2\$aModel Organisms
=655  \7$aDataset.$2local
=655  \7$aReference data.$2local
=690  7\$aResearch Datasets Collection$2blcoll
=710  2\$aUniversity of Calgary.
=856  40$uhttp://www.xenbase.org/common/$yResearch Datasets Collection
=859  \\$aXLD$bdatasets
=CAT  \\$aRESDATASET$b00$c20130823$lBLL01$h1203
=CAT  \\$a7332$b40$c20140821$lBLL01$h1052
=CAT  \\$aW1606-1753$c20171028$lBLL01$h1352
=FIN  \\$aY$d20140821
=SRC  \\$aBLDatasets$bdatasets20130822.xml
=LAS  \\$aW1606-1753$b00$c20171028$lBLL01$h1352

