=LDR  01808 mi a2200529 i 4500
=001  016480442
=003  Uk
=005  20140923113924.0
=006  s||\d|||||||0\\\a2
=007  cr\|||||||||||
=008  130823c20uu9999po\\\\\\o\\j\\\\\\\\eng\\
=FMT  \\$a  CF
=024  7\$astm20130619l$2local
=040  \\$aUk$beng$cUk$erda
=042  \\$aukblsr
=082  04$a579.563072$223
=245  00$aYeastract.
=264  \1$aLisbon :$bInstituto Superior Tecnico
=300  \\$a1 online resource
=336  \\$acomputer dataset$2rdacontent
=336  \\$atext$2rdacontent
=337  \\$acomputer$2rdamedia
=338  \\$aonline resource$2rdacarrier
=500  \\$a"YEASTRACT (Yeast Search for Transcriptional Regulators And Consensus Tracking)"--Welcome page.
=506  \\$aData are free to access.
=540  \\$aNot stated.
=584  \\$aAccepting data submissions: No.
=588  \\$aDescription based on contents viewed on August 21, 2014; title from Web page.
=650  \0$aSaccharomyces cerevisiae$xGenetics$vDatabases.
=650  \0$aTranscription factors.
=653  \\$aModels, Theoretical
=653  \\$aGenetic Variation
=653  2\$aModel Organisms
=655  \7$aDataset.$2local
=655  \7$aExperimental data.$2local
=655  \7$aReference data.$2local
=690  7\$aResearch Datasets Collection$2blcoll
=710  2\$aInstituto Superior TeÌcnico (Lisbon, Portugal)
=856  40$uhttp://www.yeastract.com/$yResearch Datasets Collection
=859  \\$aXLD$bdatasets
=CAT  \\$aRESDATASET$b00$c20130823$lBLL01$h1203
=CAT  \\$a7332$b40$c20140821$lBLL01$h1035
=CAT  \\$a7332$b40$c20140923$lBLL01$h1139
=CAT  \\$aW1606-1753$c20171028$lBLL01$h1352
=FIN  \\$aY$d20140821
=SRC  \\$aBLDatasets$bdatasets20130822.xml
=LAS  \\$aW1606-1753$b00$c20171028$lBLL01$h1352

