=LDR  02038 mi a2200553 i 4500
=001  016480444
=003  Uk
=005  20140821101431.0
=006  s||\d|||||||0\\\a2
=007  cr\|||||||||||
=008  130823c20uu9999ch\\\\\\o\\j\\\\\\\\eng\\
=FMT  \\$a  CF
=024  7\$astm20130729a$2local
=040  \\$aUk$beng$cUk$erda
=042  \\$aukblsr
=082  04$a595.78072$223
=245  00$aBombyx mori Transposable Elements Database.
=246  3\$aBmTEdb
=264  \1$aChongqing :$bChongqing University
=300  \\$a1 online resource
=336  \\$acomputer dataset$2rdacontent
=336  \\$atext$2rdacontent
=337  \\$acomputer$2rdamedia
=338  \\$aonline resource$2rdacarrier
=506  \\$aData are free to access.
=510  0\$uhttp://dx.doi.org/10.1093/database/bat055
=516  \\$atext/html; FASTA.
=520  3\$aA database of transposable elements in the silkworm genome. Data can be browsed by genetic superfamily or searched by keyword or BLAST. All sequences can be bulk downloaded in FASTA format.
=540  \\$aCopyright Zhang's Lab, All rights reserved.
=584  \\$aData are generated by Zhang's Lab, Chongqing University.
=588  \\$aDescription based on contents viewed on August 21, 2014; title from database home page.
=584  \\$aAccepting data submissions: No.
=650  \0$aSilkworms$xGenetics$vDatabases.
=650  \0$aTransposons$vDatabases.
=653  \\$aGenetic Variation
=653  2\$aModel Organisms
=655  \7$aDataset.$2local
=655  \7$aExperimental data.$2local
=655  \7$aReference data.$2local
=690  7\$aResearch Datasets Collection$2blcoll
=710  2\$aChongqing da xue.
=856  40$uhttp://gene.cqu.edu.cn/BmTEdb/$yResearch Datasets Collection
=859  \\$aXLD$bdatasets
=CAT  \\$aRESDATASET$b00$c20130823$lBLL01$h1203
=CAT  \\$a7332$b40$c20140821$lBLL01$h1014
=CAT  \\$aW1606-1753$c20171028$lBLL01$h1352
=FIN  \\$aY$d20140821
=SRC  \\$aBLDatasets$bdatasets20130822.xml
=LAS  \\$aW1606-1753$b00$c20171028$lBLL01$h1352

