=LDR  02022 mi a2200517 i 4500
=001  016480445
=003  Uk
=005  20141008083055.0
=006  s||\d|||||||0\\\a2
=007  cr\|||||||||||
=008  130823c20129999enk\\\\\o\\j\\\\\\\\eng\\
=FMT  \\$a  CF
=024  7\$astm20130729b$2local
=040  \\$aUk$beng$cUk$erda
=042  \\$aukblsr
=082  04$a551.5$223
=245  00$aCRU-TS v3.10.01 Historic Climate Database for GIS.
=264  \1$a[Norwich] :$bUniversity of East Anglia,$c2012-
=300  \\$a1 online resource
=336  \\$acomputer dataset$2rdacontent
=336  \\$atext$2rdacontent
=337  \\$acomputer$2rdamedia
=338  \\$aonline resource$2rdacarrier
=506  \\$aData are free to access.
=516  \\$aESRI shapefile.
=520  3\$aThis historical climate GIS database includes variables of cloud cover, temperature, precipitation.
=540  \\$aNot stated.
=584  \\$aData was created by the University of East Anglia. CGIAR-CSI then converted the raw data to ESRI ASCII raster format for this dataset.
=588  \\$aDescription based on contents viewed on October 8, 2014; title from database home page.
=584  \\$aAccepting data submissions: No.
=650  \0$aClimatology$vObservations.
=653  2\$aLiving With Environmental Change
=655  \7$aDataset.$2local
=655  \7$aReference data.$2local
=690  7\$aResearch Datasets Collection$2blcoll
=710  2\$aUniversity of East Anglia.
=710  2\$aConsultative Group on International Agricultural Research.$bConsortium for Spatial Information.
=856  40$uhttp://www.cgiar-csi.org/data/uea-cru-ts-v3-10-01-historic-climate-database$yResearch Datasets Collection
=859  \\$aXLD$bdatasets
=985  \\$a710/2 = new hdg.
=CAT  \\$aRESDATASET$b00$c20130823$lBLL01$h1203
=CAT  \\$a7332$b40$c20141008$lBLL01$h0830
=CAT  \\$aW1606-1753$c20171028$lBLL01$h1352
=FIN  \\$aY$d20141008
=SRC  \\$aBLDatasets$bdatasets20130822.xml
=LAS  \\$aW1606-1753$b00$c20171028$lBLL01$h1352

