=LDR  02338 mi a2200553 i 4500
=001  016480446
=003  Uk
=005  20140826133621.0
=006  s||\d|||||||0\\\a2
=007  cr\|||||||||||
=008  130823c20uu9999xx\\\\\\o\\j\\\\\\\\eng\\
=FMT  \\$a  CF
=024  7\$astm20130729c$2local
=040  \\$aUk$beng$cUk$erda
=042  \\$aukblsr
=082  04$a333.736072$223
=245  00$aGlobal Aridity and PET Database.
=264  \1$a[Place of publication not identified] :$bCGIAR-CSI
=300  \\$a1 online resource
=336  \\$acomputer dataset$2rdacontent
=336  \\$atext$2rdacontent
=337  \\$acomputer$2rdamedia
=338  \\$aonline resource$2rdacarrier
=506  \\$aData are free to access.
=516  \\$aARC/INFO Grid format.
=520  3\$aThe data provided includes high resolution (30 arc seconds, ~ 1km at equator) annual and monthly global Potential Evapo-Transpiration (PET), annual global aridity and extra-terrestrial solar radiation.
=540  \\$aOnly non-commercial use is free. The entire dataset is available for commercial use at a modest cost, but permission must be sought.
=584  \\$aThese datasets are based on modelling and analyses by Antonio Trabucco and modelled using the data available from WorldClim Global Climate Data.
=588  \\$aDescription based on contents viewed on August 26, 2014 ; title from database Web page.
=584  \\$aAccepting data submissions: No.
=650  \0$aDesertification$vDatabases.
=650  \0$aEvapotranspiration$vDatabases.
=653  \\$aDrought
=653  \\$aSoil Moisture/Water Content
=653  2\$aLiving With Environmental Change
=653  2\$aFood security
=655  \7$aDataset.$2local
=655  \7$aModelled data.$2local
=690  7\$aResearch Datasets Collection$2blcoll
=710  2\$aConsultative Group on International Agricultural Research.$bConsortium for Spatial Information.
=856  40$uhttp://www.cgiar-csi.org/data/global-aridity-and-pet-database$yResearch Datasets Collection
=859  \\$aXLD$bdatasets
=985  \\$a710 = new hdg.
=CAT  \\$aRESDATASET$b00$c20130823$lBLL01$h1203
=CAT  \\$a7332$b40$c20140826$lBLL01$h1336
=CAT  \\$aW1606-1753$c20171028$lBLL01$h1352
=FIN  \\$aY$d20140826
=SRC  \\$aBLDatasets$bdatasets20130822.xml
=LAS  \\$aW1606-1753$b00$c20171028$lBLL01$h1352

