=LDR  02042 mi a2200517 i 4500
=001  016480448
=003  Uk
=005  20141007082353.0
=006  s||\d|||||||0\\\a2
=007  cr\|||||||||||
=008  130823c20uu9999xxu\\\\\o\\j\\\\\\\\eng\\
=FMT  \\$a  CF
=024  7\$astm20130729e$2local
=040  \\$aUk$beng$cUk$erda
=042  \\$aukblsr
=082  04$a338.1$223
=245  00$aHarvestChoice.$pDatasets.
=264  \1$a[United States] :$bHarvestChoice
=300  \\$a1 online resource
=336  \\$acomputer dataset$2rdacontent
=336  \\$atext$2rdacontent
=337  \\$acomputer$2rdamedia
=338  \\$aonline resource$2rdacarrier
=506  \\$aData are free to access.
=516  \\$aASCII; ESRI Shapefile.
=520  3\$aRaster and vector maps of sub-Saharan Africa, and their associated datasets. These datasets cover a wide range of agricultural, socioeconomic and environmental aspects from livestock population to potential crop yields, human population to purchasing power, and climate zones to growing seasons and soils.
=540  \\$aEach dataset has its own credit and may have its own copyright statement.
=584  \\$aAccepting data submissions: No.
=588  \\$aDescription based on contents viewed on October 7, 2014; title from Web page.
=650  \0$aAgriculture$xEconomic aspects$zAfrica, Sub-Saharan.
=650  \0$aCrop yields$zAfrica, Sub-Saharan.
=653  2\$aFood security
=655  \7$aDataset.$2local
=655  \7$aModelled data.$2local
=655  \7$aReference data.$2local
=690  7\$aResearch Datasets Collection$2blcoll
=710  2\$aHarvestChoice (Organisation)
=856  40$uhttp://harvestchoice.org/products/data$yResearch Datasets Collection
=859  \\$aXLD$bdatasets
=985  \\$a710 = new hdg.
=CAT  \\$aRESDATASET$b00$c20130823$lBLL01$h1203
=CAT  \\$a7332$b40$c20141007$lBLL01$h0823
=CAT  \\$aW1606-1753$c20171028$lBLL01$h1352
=FIN  \\$aY$d20141007
=SRC  \\$aBLDatasets$bdatasets20130822.xml
=LAS  \\$aW1606-1753$b00$c20171028$lBLL01$h1352

