=LDR  01827 mi a2200517 i 4500
=001  016480449
=003  Uk
=005  20141126131724.0
=006  s||\d|||||||0\\\a2
=007  cr\|||||||||||
=008  130823c20uu9999at\\\\\\o\\j\\\\\\\\eng\\
=FMT  \\$a  CF
=024  7\$astm20130806a$2local
=040  \\$aUk$beng$cUk$erda
=042  \\$aukblsr
=082  04$a597.482072$223
=245  00$aFishNet.
=264  \1$a[Melbourne] :$bBryson-Richardson Laboratory, Monash University
=300  \\$a1 online resource
=336  \\$acomputer dataset$2rdacontent
=336  \\$atext$2rdacontent
=337  \\$acomputer$2rdamedia
=338  \\$aonline resource$2rdacarrier
=506  \\$aData are free to access.
=516  \\$aimage/tiff.
=520  3\$aAn optical projection tomography (OPT) reference for zebrafish anatomy and database of zebrafish larval development.
=540  \\$aNot stated.
=584  \\$aData are generated in the Bryson-Richardson Laboratory, Monash University.
=588  \\$aDescription based on contents viewed on August 21, 2014; title from database home page.
=650  \0$aZebra danio$xAnatomy$vDatabases.
=650  \0$aZebra danio$xEmbryology$vDatabases.
=653  2\$aModel Organisms
=655  \7$aDataset.$2local
=655  \7$aPhysical data.$2local
=655  \7$aRecordings.$2local
=690  7\$aResearch Datasets Collection$2blcoll
=710  2\$aMonash University.
=856  40$uhttp://www.fishnet.org.au/$yResearch Datasets Collection
=859  \\$aXLD$bdatasets
=CAT  \\$aRESDATASET$b00$c20130823$lBLL01$h1203
=CAT  \\$a7332$b40$c20140821$lBLL01$h0957
=CAT  \\$a7332$b40$c20141126$lBLL01$h1317
=CAT  \\$aW1606-1753$c20171028$lBLL01$h1352
=FIN  \\$aY$d20140821
=SRC  \\$aBLDatasets$bdatasets20130822.xml
=LAS  \\$aW1606-1753$b00$c20171028$lBLL01$h1352

