=LDR  02138 mi a2200541 i 4500
=001  016480450
=003  Uk
=005  20140923133355.0
=006  s||\d|||||||0\\\a2
=007  cr\|||||||||||
=008  130823c20uu9999xxu\\\\\o\\j\\\\\\\\eng\\
=FMT  \\$a  CF
=024  7\$astm20130806b$2local
=040  \\$aUk$beng$cUk$erda
=042  \\$aukblsr
=082  04$a583.64072$223
=245  04$aThe Arabidopsis Information Resource.
=246  3\$aTAIR
=264  \1$aRedwood City :$bPhoenix Informatics
=300  \\$a1 online resource
=336  \\$acomputer dataset$2rdacontent
=336  \\$atext$2rdacontent
=337  \\$acomputer$2rdamedia
=338  \\$aonline resource$2rdacarrier
=506  \\$aData are free to access.
=520  3\$aGenetic and molecular biology data on Arabidopsis, including gene sequence and expression, ontologies and protein information. There are a wealth of tools to browse, query, visualise and download data.
=540  \\$aMost data is public domain, although some commercial copyrights may exist.
=584  \\$aData are generated by the research community and collated and curated by the TAIR team.
=588  \\$aDescription based on: ; title from (viewed on ).
=584  \\$aAccepting data submissions: Yes.
=650  \0$aArabidopsis thaliana$vDatabases.
=650  \0$aBotany$vDatabases.
=653  \\$aBiological Classification > Plants > Angiosperms (flowering Plants) > Dicots
=653  2\$aModel Organisms
=655  \7$aDataset.$2local
=655  \7$aEstablished information on a system or subject.$2local
=690  7\$aResearch Datasets Collection$2blcoll
=710  2\$aPhoenix Informatics (Organisation)
=710  2\$aArabidopsis Biological Resource Center.
=856  40$uhttp://www.arabidopsis.org$yResearch Datasets Collection
=859  \\$aXLD$bdatasets
=CAT  \\$aRESDATASET$b00$c20130823$lBLL01$h1203
=CAT  \\$a7332$b40$c20140821$lBLL01$h0828
=CAT  \\$a7332$b40$c20140923$lBLL01$h1333
=CAT  \\$aW1606-1753$c20171028$lBLL01$h1352
=FIN  \\$aY$d20140821
=SRC  \\$aBLDatasets$bdatasets20130822.xml
=LAS  \\$aW1606-1753$b00$c20171028$lBLL01$h1352

