=LDR  01879 mi a2200529 i 4500
=001  016480451
=003  Uk
=005  20140924073007.0
=006  s||\d|||||||0\\\a2
=007  cr\|||||||||||
=008  130823c20uu9999xxu\\\\\o\\j\\\\\\\\eng\\
=FMT  \\$a  CF
=024  7\$astm20130806c$2local
=040  \\$aUk$beng$cUk$erda
=042  \\$aukblsr
=082  04$a583.64$223
=245  00$aAtGDB.
=264  \1$a[Bloomington] :$bIndiana University
=300  \\$a1 online resource
=336  \\$acomputer dataset$2rdacontent
=336  \\$atext$2rdacontent
=337  \\$acomputer$2rdamedia
=338  \\$aonline resource$2rdacarrier
=506  \\$aData are free to access.
=520  3\$aGenome and gene sequence data for Arabidopsis. Data can be searched by keywords, or the full dataset can be downloaded.
=540  \\$aNot stated.
=584  \\$aData are generated by the research community and collated and curated by the PlantGDB team.
=588  \\$aDDescription based on contents viewed on August 20, 2014 ; title from home page.
=584  \\$aAccepting data submissions: Yes.
=650  \0$aArabidopsis thaliana$xGenetics.
=650  \0$aPlant genomes.
=653  \\$aGenetic Variation
=653  \\$aPlants
=653  2\$aModel Organisms
=655  \7$aDataset.$2local
=655  \7$aEstablished information on a system or subject.$2local
=690  7\$aResearch Datasets Collection$2blcoll
=710  2\$aIndiana University, Bloomington.
=856  40$uhttp://www.plantgdb.org/AtGDB/$yResearch Datasets Collection
=859  \\$aXLD$bdatasets
=CAT  \\$aRESDATASET$b00$c20130823$lBLL01$h1203
=CAT  \\$a7332$b40$c20140820$lBLL01$h1405
=CAT  \\$a7332$b40$c20140924$lBLL01$h0730
=CAT  \\$aW1606-1753$c20171028$lBLL01$h1352
=FIN  \\$aY$d20140820
=SRC  \\$aBLDatasets$bdatasets20130822.xml
=LAS  \\$aW1606-1753$b00$c20171028$lBLL01$h1352

