=LDR  01980 mi a2200553 i 4500
=001  016480452
=003  Uk
=005  20140924074358.0
=006  s||\d|||||||0\\\a2
=007  cr\|||||||||||
=008  130823c20uu9999stk\\\\\o\\j\\\\\\\\eng\\
=FMT  \\$a  CF
=024  7\$astm20130806d$2local
=040  \\$aUk$beng$cUk$erda
=042  \\$aukblsr
=082  04$a572.84$223
=245  00$aArabidopsis Nucleolar Protein Database.
=246  3\$aAtNoPDB Database
=264  \1$a[Aberdeen] :$bJames Hutton Institute
=300  \\$a1 online resource
=336  \\$acomputer dataset$2rdacontent
=336  \\$atext$2rdacontent
=337  \\$acomputer$2rdamedia
=338  \\$aonline resource$2rdacarrier
=506  \\$aData are free to access.
=516  \\$aimage/jpg; text/html.
=520  3\$aDatabase of nucleolar proteins identified in Arabidopsis, with sequence and annotations, as well as images of the proteins localised in Arabidopsis cells.
=540  \\$aNot stated.
=584  \\$aData are generated by the database creators.
=588  \\$aDescription based on contents viewed on August 20, 2014 ; title from home page.
=584  \\$aAccepting data submissions: No.
=650  \0$aNuclear proteins.
=650  \0$aArabidopsis.
=653  \\$aPlants
=653  \\$aProteins
=653  2\$aModel Organisms
=655  \7$aDataset.$2local
=655  \7$aEstablished information on a system or subject.$2local
=690  7\$aResearch Datasets Collection$2blcoll
=710  2\$aJames Hutton Institute.$bPlant Bioinformatics Group.
=856  40$uhttp://bioinf.scri.ac.uk/cgi-bin/atnopdb/home$yResearch Datasets Collection
=859  \\$aXLD$bdatasets
=CAT  \\$aRESDATASET$b00$c20130823$lBLL01$h1203
=CAT  \\$a7332$b40$c20140820$lBLL01$h1316
=CAT  \\$a7332$b40$c20140924$lBLL01$h0743
=CAT  \\$aW1606-1753$c20171028$lBLL01$h1352
=FIN  \\$aY$d20140820
=SRC  \\$aBLDatasets$bdatasets20130822.xml
=LAS  \\$aW1606-1753$b00$c20171028$lBLL01$h1352

