=LDR  02131 mi a2200541 i 4500
=001  016480453
=003  Uk
=005  20140820110847.0
=006  s||\d|||||||0\\\a2
=007  cr\|||||||||||
=008  130823c20uu9999xxu\\\\\o\\j\\\\\\\\eng\\
=FMT  \\$a  CF
=024  7\$astm20130806e$2local
=040  \\$aUk$beng$cUk$erda
=042  \\$aukblsr
=082  04$a573.86193530222$223
=245  00$aAllen Mouse Brain Atlas.
=246  3\$aALLEN BRAIN ATLAS.$pMOUSE BRAIN
=264  \1$aSeattle :$bAllen Institute for Brain Science
=300  \\$a1 online resource
=336  \\$acomputer dataset$2rdacontent
=336  \\$atext$2rdacontent
=337  \\$acomputer$2rdamedia
=338  \\$aonline resource$2rdacarrier
=506  \\$aData are free to access.
=516  \\$aimage/jpg; text/html.
=520  3\$aHigh resolution images of in situ hybridisation for genes in the mouse brain. A reference atlas of mouse brain anatomy is also available in an interactive viewer, as well as a brain explorer - brain explorer data must be viewed in a bespoke viewer, which is available to download from the site.
=540  \\$aCopyright not explicit, non-commercial use permitted.
=584  \\$aData was generated by the Allen Institute for Brain Science.
=588  \\$aDescription based on contents viewed on August 20, 2014 ; title from database webpage.
=584  \\$aAccepting data submissions: No.
=650  \0$aBrain$xAnatomy$vAtlases.
=650  \0$aMice$xAnatomy$vAtlases.
=653  \\$aNervous System
=653  2\$aModel Organisms
=655  \7$aDataset.$2local
=655  \7$aRecordings.$2local
=690  7\$aResearch Datasets Collection$2blcoll
=710  2\$aAllen Institute for Brain Science.
=856  40$uhttp://mouse.brain-map.org/$yResearch Datasets Collection
=859  \\$aXLD$bdatasets
=CAT  \\$aRESDATASET$b00$c20130823$lBLL01$h1203
=CAT  \\$a7332$b40$c20131017$lBLL01$h0831
=CAT  \\$a7332$b40$c20140820$lBLL01$h1108
=CAT  \\$aW1606-1753$c20171028$lBLL01$h1352
=FIN  \\$aY$d20140820
=SRC  \\$aBLDatasets$bdatasets20130822.xml
=LAS  \\$aW1606-1753$b00$c20171028$lBLL01$h1352

