=LDR  02282 mi a2200541 i 4500
=001  016480454
=003  Uk
=005  20141006081134.0
=006  s||\d|||||||0\\\a2
=007  cr\|||||||||||
=008  130823c20uu9999xxu\\\\\o\\j\\\\\\\\eng\\
=FMT  \\$a  CF
=024  7\$astm20130806f$2local
=040  \\$aUk$beng$cUk$erda
=042  \\$aukblsr
=082  04$a577.70916451$223
=245  00$aBering Sea Ecosystem STudy Data Archive.
=246  3\$aBEST Data Archive
=264  \1$a[Boulder, Colorado] :$bNational Center for Atmospheric Research
=300  \\$a1 online resource
=336  \\$acomputer dataset$2rdacontent
=336  \\$atext$2rdacontent
=337  \\$acomputer$2rdamedia
=338  \\$aonline resource$2rdacarrier
=506  \\$aUsers must apply for access to data.
=516  \\$aASCII.
=520  3\$aDatasets generated as part of the National Science Foundation funded Bering Sea Ecosystem Study, which aimed to "improve understanding of the linkages between variations in Bering sea ice cover and the biology of the waters and benthos beneath". You can browse data by title, by cruise or by subject. Access to data via FTP must be requested.
=540  \\$aNot stated.
=584  \\$aData were generated by the Bering Sea Integrated Ecosystem Research Program (BSIERP).
=588  \\$aDescription based on contents viewed on October 6, 2014 ; title from database Web page.
=522  \\$aBering Sea.
=584  \\$aAccepting data submissions: No.
=650  \0$aMarine ecology$zBering Sea.
=653  2\$aLiving With Environmental Change
=655  \7$aDataset.$2local
=655  \7$aObservational data.$2local
=690  7\$aResearch Datasets Collection$2blcoll
=710  2\$aNational Center for Atmospheric Research (U.S.).$bEarth Observing Laboratory.
=710  2\$aBering Sea Integrated Ecosystem Research Program.
=856  40$uhttp://www.eol.ucar.edu/projects/best/all_data.shtml$yResearch Datasets Collection
=859  \\$aXLD$bdatasets
=985  \\$a710/2 = new hdg.
=CAT  \\$aRESDATASET$b00$c20130823$lBLL01$h1203
=CAT  \\$a7332$b40$c20141006$lBLL01$h0811
=CAT  \\$aW1606-1753$c20171028$lBLL01$h1352
=FIN  \\$aY$d20141006
=SRC  \\$aBLDatasets$bdatasets20130822.xml
=LAS  \\$aW1606-1753$b00$c20171028$lBLL01$h1352

