=LDR  01810 mi a2200505 i 4500
=001  016480455
=003  Uk
=005  20140820103754.0
=006  s||\d|||||||0\\\a2
=007  cr\|||||||||||
=008  130823c20uu9999xxu\\\\\o\\j\\\\\\\\eng\\
=FMT  \\$a  CF
=024  7\$astm20130806h$2local
=040  \\$aUk$beng$cUk$erda
=042  \\$aukblsr
=082  04$a599.353$223
=245  00$aDigiMouse :$b3D Mouse Atlas.
=264  \1$a[Los Angeles] :$bUniversity of Southern California
=300  \\$a1 online resource
=336  \\$acomputer dataset$2rdacontent
=336  \\$atext$2rdacontent
=337  \\$acomputer$2rdamedia
=338  \\$aonline resource$2rdacarrier
=506  \\$aData are free to access.
=520  3\$aComputed tomography (CT), positron emitted tomography (PET) and cryosection imaging of a whole mouse specimen. Full raw data can be downloaded, or displayed in a Java viewer.
=540  \\$aNot stated.
=584  \\$aAccepting data submissions: No.
=588  \\$aDescription based on contents viewed on August 20, 2014 ; title from database webpage.
=650  \0$aMice$xAnatomy$vAtlases.
=653  \\$aAnimals
=653  \\$aModels, Animal
=653  2\$aModel Organisms
=655  \7$aDataset.$2local
=655  \7$aRecordings.$2local
=690  7\$aResearch Datasets Collection$2blcoll
=710  2\$aUniversity of Southern California (USC)
=856  40$uhttp://neuroimage.usc.edu/neuro/Digimouse$yResearch Datasets Collection
=859  \\$aXLD$bdatasets
=CAT  \\$aRESDATASET$b00$c20130823$lBLL01$h1203
=CAT  \\$a7332$b40$c20131017$lBLL01$h0850
=CAT  \\$a7332$b40$c20140820$lBLL01$h1037
=CAT  \\$aW1606-1753$c20171028$lBLL01$h1352
=FIN  \\$aY$d20140820
=SRC  \\$aBLDatasets$bdatasets20130822.xml
=LAS  \\$aW1606-1753$b00$c20171028$lBLL01$h1352

