=LDR  02173 mi a2200529 i 4500
=001  016480456
=003  Uk
=005  20140924090127.0
=006  s||\d|||||||0\\\a2
=007  cr\|||||||||||
=008  130823c20uu9999xxu\\\\\o\\j\\\\\\\\eng\\
=FMT  \\$a  CF
=024  7\$astm20130806i$2local
=040  \\$aUk$beng$cUk$erda
=042  \\$aukblsr
=082  04$a595.774$223
=245  00$aDroID :$bThe Drosophila Interactions Database.
=246  3\$aDroID :$bthe Comprehensive Drosophila Interactions Database
=264  \1$aDetroit :$bCenter for Molecular Medicine and Genetics, Wayne State University School of Medicine
=300  \\$a1 online resource
=336  \\$acomputer dataset$2rdacontent
=336  \\$atext$2rdacontent
=337  \\$acomputer$2rdamedia
=338  \\$aonline resource$2rdacarrier
=506  \\$aData are free to access.
=516  \\$atext/plain.
=520  3\$aData can be queried by keywords to select interaction pairs. Interaction types covered are protein-protein interactions, genetics interactions, transcription factor-gene interactions and miRNA-gene interactions. Selected interactions or the full data can be downloaded.
=540  \\$aNot stated.
=584  \\$aData collated from various sources by the Finley Lab, Wayne State University.
=588  \\$aDescription based on Data version 2014_01 viewed on August 20, 2014 ; title from database home page.
=584  \\$aAccepting data submissions: No.
=650  \0$aDrosophila$xGenetics.
=653  \\$aModels, Animal
=653  2\$aModel Organisms
=655  \7$aDataset.$2local
=655  \7$aExperimental data.$2local
=690  7\$aResearch Datasets Collection$2blcoll
=710  2\$aWayne State University.$bCenter for Molecular Medicine and Genetics.
=856  40$uhttp://www.droidb.org/0$yResearch Datasets Collection
=859  \\$aXLD$bdatasets
=CAT  \\$aRESDATASET$b00$c20130823$lBLL01$h1203
=CAT  \\$a7332$b40$c20140820$lBLL01$h1023
=CAT  \\$a7332$b40$c20140924$lBLL01$h0901
=CAT  \\$aW1606-1753$c20171028$lBLL01$h1352
=FIN  \\$aY$d20140820
=SRC  \\$aBLDatasets$bdatasets20130822.xml
=LAS  \\$aW1606-1753$b00$c20171028$lBLL01$h1352

