=LDR  02131 mi a2200505 i 4500
=001  016480457
=003  Uk
=005  20140820084132.0
=006  s||\d|||||||0\\\a2
=007  cr\|||||||||||
=008  130823c20uu9999fr\\\\\\o\\j\\\\\\\\eng\\
=FMT  \\$a  CF
=024  7\$astm20130806j$2local
=040  \\$aUk$beng$cUk$erda
=042  \\$aukblsr
=082  04$a596.2$223
=245  00$aaNISEED.
=264  \1$a[Paris] :$bNational Center for Scientific Research
=300  \\$a1 online resource
=336  \\$acomputer dataset$2rdacontent
=336  \\$atext$2rdacontent
=337  \\$acomputer$2rdamedia
=338  \\$aonline resource$2rdacarrier
=506  \\$aData are free to access.
=520  3\$aEmbryological, anatomical, genomic and gene expression data from studies of ascidian development. Genetic data can be queried by BLAST search, gene name, ontology keywords or genome browser. Gene expression data can be selected by species, developmental stage, experimental method (which include in situ hybridisation, immunolocalisation or GFP imaging), gene and anatomy. Species included are Ciona intestinalis, C. savignyi, Halocynthia roretzi, H. aurantium, Phallusia fumigata and P. mammillata.
=540  \\$aNot stated.
=584  \\$aAccepting data submissions: Yes.
=588  \\$aDescription based on contents viewed on August 20, 2014 ; title from database home page.
=650  \0$aSea squirts$xGenetics.
=650  \0$aSea squirts$xDevelopment.
=653  \\$aModels, Animal
=653  2\$aModel Organisms
=655  \7$aDataset.$2local
=655  \7$aExperimental data.$2local
=655  \7$aReference data.$2local
=690  7\$aResearch Datasets Collection$2blcoll
=710  2\$aCentre national de la recherche scientifique (France)
=856  40$uhttp://www.aniseed.cnrs.fr/$yResearch Datasets Collection
=859  \\$aXLD$bdatasets
=CAT  \\$aRESDATASET$b00$c20130823$lBLL01$h1203
=CAT  \\$a7332$b40$c20140820$lBLL01$h0841
=CAT  \\$aW1606-1753$c20171028$lBLL01$h1352
=FIN  \\$aY$d20140820
=SRC  \\$aBLDatasets$bdatasets20130822.xml
=LAS  \\$aW1606-1753$b00$c20171028$lBLL01$h1352

