=LDR  01962 mi a2200541 i 4500
=001  016480458
=003  Uk
=005  20140924084613.0
=006  s||\d|||||||0\\\a2
=007  cr\|||||||||||
=008  130823c20uu9999stk\\\\\o\\j\\\\\\\\eng\\
=FMT  \\$a  CF
=024  7\$astm20130806k$2local
=040  \\$aUk$beng$cUk$erda
=042  \\$aukblsr
=082  04$a616.027333$223
=245  00$aEMAGE.
=264  \1$aEdinburgh :$bMRC Human Genetics Unit, Western General Hospital
=300  \\$a1 online resource
=336  \\$acomputer dataset$2rdacontent
=336  \\$atext$2rdacontent
=337  \\$acomputer$2rdamedia
=338  \\$aonline resource$2rdacarrier
=506  \\$aData are free to access.
=516  \\$atext/csv; image/jpg.
=520  3\$aVisualisation of gene expression in the developing mouse embryo. Data can be queried by gene or anatomy. Tabular data can be downloaded in CSV format, and ISH images in JPEG format.
=540  \\$aA version of Science or Creative Commons.
=584  \\$aAccepting data submissions: No.
=588  \\$aDescription based on contents viewed on August 20, 2014 ; title from database home page.
=650  \0$aMice$xEmbryos$vAtlases.
=650  \0$aGene expression$vAtlases.
=653  \\$aModels, Animal
=653  \\$aAnimal Structures
=653  2\$aModel Organisms
=655  \7$aDataset.$2local
=655  \7$aExperimental data.$2local
=655  \7$aReference data.$2local
=690  7\$aResearch Datasets Collection$2blcoll
=710  2\$aMRC Human Genetics Unit.
=856  40$uhttp://www.emouseatlas.org/emage/home.php$yResearch Datasets Collection
=859  \\$aXLD$bdatasets
=CAT  \\$aRESDATASET$b00$c20130823$lBLL01$h1203
=CAT  \\$a7332$b40$c20140820$lBLL01$h0818
=CAT  \\$a7332$b40$c20140924$lBLL01$h0846
=CAT  \\$aW1606-1753$c20171028$lBLL01$h1352
=FIN  \\$aY$d20140820
=SRC  \\$aBLDatasets$bdatasets20130822.xml
=LAS  \\$aW1606-1753$b00$c20171028$lBLL01$h1352

