=LDR  01846 mi a2200517 i 4500
=001  016480459
=003  Uk
=005  20140819140052.0
=006  s||\d|||||||0\\\a2
=007  cr\|||||||||||
=008  130823c20uu9999xxu\\\\\o\\j\\\\\\\\eng\\
=FMT  \\$a  CF
=024  7\$astm20130807a$2local
=040  \\$aUk$beng$cUk$erda
=042  \\$aukblsr
=082  04$a579.563$223
=245  00$aScerTF.
=264  \1$aSaint Louis :$bWashington University in St. Louis
=300  \\$a1 online resource
=336  \\$acomputer dataset$2rdacontent
=336  \\$atext$2rdacontent
=337  \\$acomputer$2rdamedia
=338  \\$aonline resource$2rdacarrier
=506  \\$aData are free to access.
=510  0\$uhttp://dx.doi.org/10.1093/nar/gkr1180
=520  3\$aPosition weight matrices (PWMs) for yeast (Saccharomyces cerevisiae) transcription factors. Data can be queried by transcription factor name, short DNA sequence or PWM.
=540  \\$aNot stated.
=584  \\$aAccepting data submissions: No.
=588  \\$aDescription based on contents viewed on August 19, 2014 ; title from database home page.
=650  \0$aSaccharomyces cerevisiae.
=650  \0$aTranscription factors.
=653  \\$aProteins
=653  2\$aModel Organisms
=655  \7$aDataset.$2local
=655  \7$aExperimental data.$2local
=690  7\$aResearch Datasets Collection$2blcoll
=710  2\$aWashington University (Saint Louis, Mo.)
=856  40$uhttp://stormo.wustl.edu/ScerTF$yResearch Datasets Collection
=859  \\$aXLD$bdatasets
=CAT  \\$aRESDATASET$b00$c20130823$lBLL01$h1203
=CAT  \\$a7332$b40$c20131017$lBLL01$h0851
=CAT  \\$a7332$b40$c20140819$lBLL01$h1400
=CAT  \\$aW1606-1753$c20171028$lBLL01$h1352
=FIN  \\$aY$d20140819
=SRC  \\$aBLDatasets$bdatasets20130822.xml
=LAS  \\$aW1606-1753$b00$c20171028$lBLL01$h1352

