=LDR  01964 mi a2200529 i 4500
=001  016480461
=003  Uk
=005  20140819111004.0
=006  s||\d|||||||0\\\a2
=007  cr\|||||||||||
=008  130823c20uu9999pl\\\\\\o\\j\\\\\\\\eng\\
=FMT  \\$a  CF
=024  7\$astm20130807c$2local
=040  \\$aUk$beng$cUk$erda
=042  \\$aukblsr
=082  04$a572.88$223
=245  00$amirEX.
=264  \1$aPoznan :$bInstitute of Molecular Biology and Biotechnology, Adam Mickiewicz University in Poznan
=300  \\$a1 online resource
=336  \\$acomputer dataset$2rdacontent
=336  \\$atext$2rdacontent
=337  \\$acomputer$2rdamedia
=338  \\$aonline resource$2rdacarrier
=506  \\$aData are free to access.
=510  0\$uhttp://dx.doi.org/10.1093/nar/gkr878
=516  \\$atext/csv.
=520  3\$aExpression of MicroRNAs in Arabidopsis thaliana. After selecting developmental stage, you can query miRNAs by name or family name, and expression data can be downloaded in CSV.
=540  \\$aNot stated.
=584  \\$aAccepting data submissions: No.
=588  \\$aDescription based on contents viewed on August 18, 2014 ; title from database home page.
=650  \0$aRNA$vDatabases.
=650  \0$aArabidopsis thaliana$xGenetics.
=653  \\$aGenetic Variation
=653  2\$aModel Organisms
=655  \7$aDataset.$2local
=655  \7$aExperimental data.$2local
=690  7\$aResearch Datasets Collection$2blcoll
=710  2\$aUniwersytet im. Adama Mickiewicza w Poznaniu.$bInstitute of Molecular Biology and Biotechnology.
=856  40$uhttp://comgen.pl/mirex/$yResearch Datasets Collection
=859  \\$aXLD$bdatasets
=985  \\$a710 = new hdg.
=CAT  \\$aRESDATASET$b00$c20130823$lBLL01$h1203
=CAT  \\$a7332$b40$c20140819$lBLL01$h1110
=CAT  \\$aW1606-1753$c20171028$lBLL01$h1352
=FIN  \\$aY$d20140819
=SRC  \\$aBLDatasets$bdatasets20130822.xml
=LAS  \\$aW1606-1753$b00$c20171028$lBLL01$h1352

