=LDR  01815 mi a2200505 i 4500
=001  016480463
=003  Uk
=005  20140819103504.0
=006  s||\d|||||||0\\\a2
=007  cr\|||||||||||
=008  130823c20uu9999enk\\\\\o\\j\\\\\\\\eng\\
=FMT  \\$a  CF
=024  7\$astm20130807e$2local
=040  \\$aUk$beng$cUk$erda
=042  \\$aukblsr
=082  04$a579.562$223
=245  00$aPomBase.
=264  \1$a[Saffron Walden] :$bEuropean Bioinformatics Institute
=300  \\$a1 online resource
=336  \\$acomputer dataset$2rdacontent
=336  \\$atext$2rdacontent
=337  \\$acomputer$2rdamedia
=338  \\$aonline resource$2rdacarrier
=506  \\$aData are free to access.
=510  0\$uhttp://dx.doi.org/10.1093/nar/gkr853
=520  3\$aProteomic and genetic data for Saccharomyces pombe, fission yeast. Data can be queried by keyword or BLAST searching. Individual datasets can be bulk downloaded.
=540  \\$aNot stated.
=584  \\$aAccepting data submissions: Yes.
=588  \\$aDescription based on contents viewed on August 18, 2014 ; title from database home page.
=650  \0$aSchizosaccharomyces pombe$xGenetics.
=653  2\$aModel Organisms
=655  \7$aDataset.$2local
=655  \7$aExperimental data.$2local
=690  7\$aResearch Datasets Collection$2blcoll
=710  2\$aEuropean Bioinformatics Institute.
=710  2\$aUniversity of Cambridge.
=710  2\$aUniversity College, London.
=856  40$uhttp://www.pombase.org/$yResearch Datasets Collection
=859  \\$aXLD$bdatasets
=CAT  \\$aRESDATASET$b00$c20130823$lBLL01$h1203
=CAT  \\$a7332$b40$c20140819$lBLL01$h1035
=CAT  \\$aW1606-1753$c20171028$lBLL01$h1352
=FIN  \\$aY$d20140819
=SRC  \\$aBLDatasets$bdatasets20130822.xml
=LAS  \\$aW1606-1753$b00$c20171028$lBLL01$h1352

