=LDR  01948 mi a2200565 i 4500
=001  016480464
=003  Uk
=005  20140819101014.0
=006  s||\d|||||||0\\\a2
=007  cr\|||||||||||
=008  130823c20uu9999ja\\\\\\o\\j\\\\\\\\eng\\
=FMT  \\$a  CF
=024  7\$astm20130807f$2local
=040  \\$aUk$beng$cUk$erda
=042  \\$aukblsr
=082  04$a599.353$223
=245  00$aMouse Multiple tissue Metabolome DataBase.
=246  3\$aMMMDB
=264  \1$a[Tsuruoka] :$bInstitute for Advanced Biosciences, Keio University
=300  \\$a1 online resource
=336  \\$acomputer dataset$2rdacontent
=336  \\$atext$2rdacontent
=337  \\$acomputer$2rdamedia
=338  \\$aonline resource$2rdacarrier
=506  \\$aData are free to access.
=510  0\$uhttp://dx.doi.org/10.1093/nar/gkr1170
=516  \\$atest/plain.
=520  3\$aData on metabolites measured in multiple murine tissues. Data can be searched by metabolite, tissue or mass number.
=540  \\$aNot stated.
=584  \\$aAccepting data submissions: No.
=588  \\$aDescription based on version 1.2 viewed on August 19, 2014 ; title from the welcome Web page.
=650  \0$aMice$xMetabolism.
=650  \0$aMice$xPhysiology.
=650  \0$aMetabolites.
=653  \\$aModels, Animal
=653  \\$aMetabolome
=653  2\$aModel Organisms
=655  \7$aDataset.$2local
=655  \7$aExperimental data.$2local
=690  7\$aResearch Datasets Collection$2blcoll
=710  2\$aKeiō Gijuku Daigaku.$bInstitute for Advanced Biosciences.
=856  40$uhttp://mmmdb.iab.keio.ac.jp/$yResearch Datasets Collection
=859  \\$aXLD$bdatasets
=985  \\$a710 = new hdg.
=CAT  \\$aRESDATASET$b00$c20130823$lBLL01$h1203
=CAT  \\$a7332$b40$c20140819$lBLL01$h1010
=CAT  \\$aW1606-1753$c20171028$lBLL01$h1352
=FIN  \\$aY$d20140819
=SRC  \\$aBLDatasets$bdatasets20130822.xml
=LAS  \\$aW1606-1753$b00$c20171028$lBLL01$h1352

