=LDR  01879 mi a2200517 i 4500
=001  016480465
=003  Uk
=005  20140819094143.0
=006  s||\d|||||||0\\\a2
=007  cr\|||||||||||
=008  130823c20uu9999xxc\\\\\o\\j\\\\\\\\eng\\
=FMT  \\$a  CF
=024  7\$astm20130807g$2local
=040  \\$aUk$beng$cUk$erda
=042  \\$aukblsr
=082  04$a579.563$223
=245  00$aYeast Metabolome Database.
=246  3\$aYMDB
=264  \1$a[Edmonton] :$bUniversity of Alberta
=300  \\$a1 online resource
=336  \\$acomputer dataset$2rdacontent
=336  \\$atext$2rdacontent
=337  \\$acomputer$2rdamedia
=338  \\$aonline resource$2rdacarrier
=506  \\$aData are free to access.
=510  0\$uhttp://dx.doi.org/10.1093/nar/gkr916
=520  3\$aProvides details of small molecular metabolites from Saccharomyces cerevisiae. You can browse for data by metabolite, protein, pathway, class or reaction. Data can be queried via a spectral, keyword or sequence searching.
=540  \\$aNot stated.
=584  \\$aData were extracted from the literature.
=588  \\$aDescription based on Version 1.0 viewed on August 19, 2014 ; title from database home page.
=584  \\$aAccepting data submissions: No.
=650  \0$aFungal metabolites.
=650  \0$aSaccharomyces cerevisiae.
=653  2\$aModel Organisms
=655  \7$aDataset.$2local
=655  \7$aExperimental data.$2local
=690  7\$aResearch Datasets Collection$2blcoll
=710  2\$aUniversity of Alberta.
=856  40$uhttp://www.ymdb.ca/$yResearch Datasets Collection
=859  \\$aXLD$bdatasets
=CAT  \\$aRESDATASET$b00$c20130823$lBLL01$h1203
=CAT  \\$a7332$b40$c20140819$lBLL01$h0941
=CAT  \\$aW1606-1753$c20171028$lBLL01$h1352
=FIN  \\$aY$d20140819
=SRC  \\$aBLDatasets$bdatasets20130822.xml
=LAS  \\$aW1606-1753$b00$c20171028$lBLL01$h1352

