=LDR  02027 mi a2200517 i 4500
=001  016480466
=003  Uk
=005  20140819081453.0
=006  s||\d|||||||0\\\a2
=007  cr\|||||||||||
=008  130823c20uu9999xxu\\\\\o\\j\\\\\\\\eng\\
=FMT  \\$a  CF
=024  7\$astm20130807h$2local
=040  \\$aUk$beng$cUk$erda
=042  \\$aukblsr
=082  04$a616.027333$223
=245  00$aMouse Genome Informatics.
=246  3\$aMGI
=264  \1$aBar Harbor :$bThe Jackson Laboratory
=300  \\$a1 online resource
=336  \\$acomputer dataset$2rdacontent
=336  \\$atext$2rdacontent
=337  \\$acomputer$2rdamedia
=338  \\$aonline resource$2rdacarrier
=506  \\$aData are free to access.
=510  0\$uhttp://dx.doi.org/10.1093/nar/gkr974
=520  3\$aExtensive mouse genomic information, covering genes; gene expression and function; phenotypes, strains and disease models; tumours; pathways; homology and recombinases. Data can be queried by keywords, or is browseable by data type.
=540  \\$aCopyright The Jackson Laboratory, data are free for non-commercial use.
=584  \\$aData is generated by the Jackson labs or contributed by the research community.
=588  \\$aDescription based on database update 08/12/2014, MGI 5.19 viewed on August 19, 2014 ; title from database home page.
=584  \\$aAccepting data submissions: No.
=650  \0$aMice$xGenetics.
=653  \\$aModels, Animal
=653  2\$aModel Organisms
=655  \7$aDataset.$2local
=655  \7$aExperimental data.$2local
=690  7\$aResearch Datasets Collection$2blcoll
=710  2\$aJackson Laboratory (Bar Harbor, Me.)
=856  40$uhttp://www.informatics.jax.org/$yResearch Datasets Collection
=859  \\$aXLD$bdatasets
=CAT  \\$aRESDATASET$b00$c20130823$lBLL01$h1203
=CAT  \\$a7332$b40$c20140819$lBLL01$h0814
=CAT  \\$aW1606-1753$c20171028$lBLL01$h1352
=FIN  \\$aY$d20140819
=SRC  \\$aBLDatasets$bdatasets20130822.xml
=LAS  \\$aW1606-1753$b00$c20171028$lBLL01$h1352

