=LDR  02033 mi a2200541 i 4500
=001  016480467
=003  Uk
=005  20140819075750.0
=006  s||\d|||||||0\\\a2
=007  cr\|||||||||||
=008  130823c20019999xxu\\\\\o\\j\\\\\\\\eng\\
=FMT  \\$a  CF
=024  7\$astm20130807i$2local
=040  \\$aUk$beng$cUk$erda
=042  \\$aukblsr
=082  04$a616.027333$223
=245  00$aMouse Phenome Database.
=246  3\$aMPD
=264  \1$aBar Harbor :$bThe Jackson Laboratory,$c2001-
=300  \\$a1 online resource
=336  \\$acomputer dataset$2rdacontent
=336  \\$atext$2rdacontent
=337  \\$acomputer$2rdamedia
=338  \\$aonline resource$2rdacarrier
=506  \\$aData are free to access.
=510  0\$uhttp://dx.doi.org/10.1093/nar/gkr1061
=520  3\$aProvides phenotypic information on hundreds of strains of the laboratory mouse (Mus musculus), as well as genotype and SNP data, and gene expression. Data can be queried by keyword or browsed by data type.
=540  \\$aCopyright The Jackson Laboratory, data are free for non-commercial use.
=584  \\$aData is contributed by the research community or extracted from other open data sources.
=588  \\$aDescription based on contents viewed on August 19, 2014 ; title from database home page.
=584  \\$aAccepting data submissions: No.
=650  \0$aMice$xGenetics.
=650  \0$aPhenotype.
=653  \\$aModels, Animal
=653  \\$aPhenotype
=653  2\$aModel Organisms
=655  \7$aDataset.$2local
=655  \7$aExperimental data.$2local
=690  7\$aResearch Datasets Collection$2blcoll
=710  2\$aJackson Laboratory (Bar Harbor, Me.)
=856  40$uhttp://phenome.jax.org/$yResearch Datasets Collection
=859  \\$aXLD$bdatasets
=CAT  \\$aRESDATASET$b00$c20130823$lBLL01$h1203
=CAT  \\$a7332$b40$c20140819$lBLL01$h0757
=CAT  \\$aW1606-1753$c20171028$lBLL01$h1352
=FIN  \\$aY$d20140819
=SRC  \\$aBLDatasets$bdatasets20130822.xml
=LAS  \\$aW1606-1753$b00$c20171028$lBLL01$h1352

