=LDR  01895 mi a2200517 i 4500
=001  016480468
=003  Uk
=005  20140818141223.0
=006  s||\d|||||||0\\\a2
=007  cr\|||||||||||
=008  130823c20uu9999xxu\\\\\o\\j\\\\\\\\eng\\
=FMT  \\$a  CF
=024  7\$astm20130807j$2local
=040  \\$aUk$beng$cUk$erda
=042  \\$aukblsr
=082  04$a597.482$223
=245  00$azfishbook.
=264  \1$aRochester:$bMayo Clinic
=300  \\$a1 online resource
=336  \\$acomputer dataset$2rdacontent
=336  \\$atext$2rdacontent
=337  \\$acomputer$2rdamedia
=338  \\$aonline resource$2rdacarrier
=506  \\$aData are free to access.
=510  0\$uhttp://dx.doi.org/10.1093/nar/gkr957
=520  3\$aProvides data on revertible mutants of zebrafish, created by labs in the United States, Germany, India, Canada, and Singapore using gene-break transposons. Images of tagged gene expression are given along with details of each mutation. Lines can be browsed by ID.
=540  \\$aNot stated.
=584  \\$aData are generated by labs contributing to zfishbook.
=588  \\$aDescription based on contents viewed on August 18, 2014 ; title from database home page.
=584  \\$aAccepting data submissions: No.
=650  \0$aZebra danio$xGenetics.
=650  \0$aMutagenesis.
=653  \\$aModels, Animal
=653  2\$aModel Organisms
=655  \7$aDataset.$2local
=655  \7$aExperimental data.$2local
=690  7\$aResearch Datasets Collection$2blcoll
=710  2\$aMayo Clinic.
=856  40$uhttp://zfishbook.org/$yResearch Datasets Collection
=859  \\$aXLD$bdatasets
=CAT  \\$aRESDATASET$b00$c20130823$lBLL01$h1203
=CAT  \\$a7332$b40$c20140818$lBLL01$h1412
=CAT  \\$aW1606-1753$c20171028$lBLL01$h1352
=FIN  \\$aY$d20140818
=SRC  \\$aBLDatasets$bdatasets20130822.xml
=LAS  \\$aW1606-1753$b00$c20171028$lBLL01$h1352

