=LDR  02063 mi a2200517 i 4500
=001  016480469
=003  Uk
=005  20140818131819.0
=006  s||\d|||||||0\\\a2
=007  cr\|||||||||||
=008  130823c20uu9999enk\\\\\o\\j\\\\\\\\eng\\
=FMT  \\$a  CF
=024  7\$astm20130808a$2local
=040  \\$aUk$beng$cUk$erda
=042  \\$aukblsr
=082  04$a576.5$223
=245  00$amodMine.
=264  \1$aCambridge :$bDepartment of Genetics, University of Cambridge
=300  \\$a1 online resource
=336  \\$acomputer dataset$2rdacontent
=336  \\$atext$2rdacontent
=337  \\$acomputer$2rdamedia
=338  \\$aonline resource$2rdacarrier
=506  \\$aData are free to access.
=510  0\$uhttp://dx.doi.org/10.1093/nar/gkr921
=520  3\$aData on sequence-based functional elements from Drosophila melanogaster (fruit fly) and Caenorhabditis elegans (nematode worm), which include chromatic structure, gene structure and sequence, copy number variations, and histone, RNA and transcription factor data. There is an advanced query builder for expert users and data is also available via API.
=540  \\$aNot stated.
=584  \\$aAccepting data submissions: No.
=588  \\$aDescription based on release 32 viewed on August 18, 2014 ; title from database home page.
=650  \0$aCaenorhabditis elegans$xGenetics.
=650  \0$aDrosophila melanogaster$xGenetics.
=653  \\$aModels, Animal
=653  2\$aModel Organisms
=655  \7$aDataset.$2local
=655  \7$aExperimental data.$2local
=690  7\$aResearch Datasets Collection$2blcoll
=710  2\$aUniversity of Cambridge.$bDepartment of Genetics.
=710  2\$amodENCODE Project.
=856  40$uhttp://intermine.modencode.org/$yResearch Datasets Collection
=859  \\$aXLD$bdatasets
=CAT  \\$aRESDATASET$b00$c20130823$lBLL01$h1203
=CAT  \\$a7332$b40$c20140818$lBLL01$h1318
=CAT  \\$aW1606-1753$c20171028$lBLL01$h1352
=FIN  \\$aY$d20140818
=SRC  \\$aBLDatasets$bdatasets20130822.xml
=LAS  \\$aW1606-1753$b00$c20171028$lBLL01$h1352

