=LDR  02004 mi a2200517 i 4500
=001  016480472
=003  Uk
=005  20141008103519.0
=006  s||\d|||||||0\\\a2
=007  cr\|||||||||||
=008  130823c20019999xxu\\\\\o\\j\\\\\\\\eng\\
=FMT  \\$a  CF
=024  7\$astm20130808f$2local
=040  \\$aUk$beng$cUk$erda
=042  \\$aukblsr
=082  04$a551.5$223
=245  00$aIntegrated Surface Database.
=246  3\$aISD
=264  \1$a[United States] :$bNational Environmental Satellite, Data, and Information Service,$c2001-
=300  \\$a1 online resource
=336  \\$acomputer dataset$2rdacontent
=336  \\$atext$2rdacontent
=337  \\$acomputer$2rdamedia
=338  \\$aonline resource$2rdacarrier
=506  \\$aData are free to access.
=516  \\$atext/plain.
=520  3\$aGlobal hourly and synoptic weather observations from over 20000 observation points dating as far back as 1901. ASCII data files can be downloaded from FTP or via a web or map interface.
=540  \\$aNot stated.
=584  \\$aData are submitted by weather stations across the globe.
=588  \\$aDescription based on contents viewed on October 6, 2014; title from database home page.
=584  \\$aAccepting data submissions: No.
=650  \0$aMeteorology$v.Observations.
=653  2\$aLiving With Environmental Change
=655  \7$aDataset.$2local
=655  \7$aObservational data.$2local
=690  7\$aResearch Datasets Collection$2blcoll
=710  1\$aUnited States.$bNational Environmental Satellite, Data, and Information Service.
=856  40$uhttp://www.ncdc.noaa.gov/oa/climate/isd/index.php$yResearch Datasets Collection
=859  \\$aXLD$bdatasets
=CAT  \\$aRESDATASET$b00$c20130823$lBLL01$h1203
=CAT  \\$a7332$b40$c20141006$lBLL01$h0944
=CAT  \\$a7332$b40$c20141008$lBLL01$h1035
=CAT  \\$aW1606-1753$c20171028$lBLL01$h1352
=FIN  \\$aY$d20141006
=SRC  \\$aBLDatasets$bdatasets20130822.xml
=LAS  \\$aW1606-1753$b00$c20171028$lBLL01$h1352

