=LDR  01967 mi a2200505 i 4500
=001  016480473
=003  Uk
=005  20141008103319.0
=006  s||\d|||||||0\\\a2
=007  cr\|||||||||||
=008  130823c20uu9999xxu\\\\\o\\j\\\\\\\\eng\\
=FMT  \\$a  CF
=024  7\$astm20130808g$2local
=040  \\$aUk$beng$cUk$erda
=042  \\$aukblsr
=082  04$a551.5$223
=245  00$aMonthly Climatic Data for the World.
=264  \1$a[United States] :$bNational Oceanic and Atmospheric Administration (NOAA)
=300  \\$a1 online resource
=336  \\$acomputer dataset$2rdacontent
=336  \\$atext$2rdacontent
=337  \\$acomputer$2rdamedia
=338  \\$aonline resource$2rdacarrier
=506  \\$aData are free to access.
=516  \\$aapplication/pdf.
=520  3\$aMonthly global climate reports, including atmospheric pressure, temperature, precipitation and sunshine averages for weather stations. Details of the location of each station is given.
=540  \\$aNot stated.
=584  \\$aData are submitted by global weather stations.
=588  \\$aDescription based on contents viewed on October 8, 2014; title from database home page.
=584  \\$aAccepting data submissions: No.
=650  \0$aClimatology$vObservations.
=653  2\$aLiving With Environmental Change
=655  \7$aDataset.$2local
=655  \7$aObservational data.$2local
=690  7\$aResearch Datasets Collection$2blcoll
=710  1\$aUnited States.$bNational Environmental Satellite, Data, and Information Service.
=710  2\$aNational Climatic Data Center (U.S.)
=856  40$uhttp://www.ncdc.noaa.gov/IPS/mcdw/mcdw.html$yResearch Datasets Collection
=859  \\$aXLD$bdatasets
=CAT  \\$aRESDATASET$b00$c20130823$lBLL01$h1203
=CAT  \\$a7332$b40$c20141008$lBLL01$h1033
=CAT  \\$aW1606-1753$c20171028$lBLL01$h1352
=FIN  \\$aY$d20141008
=SRC  \\$aBLDatasets$bdatasets20130822.xml
=LAS  \\$aW1606-1753$b00$c20171028$lBLL01$h1352

