=LDR  02562 mi a2200577 i 4500
=001  016480474
=003  Uk
=005  20140818125420.0
=006  s||\d|||||||0\\\a2
=007  cr\|||||||||||
=008  130823c20uu9999xxu\\\\\o\\j\\\\\\\\eng\\
=FMT  \\$a  CF
=024  7\$astm20130808h$2local
=040  \\$aUk$beng$cUk$erda
=042  \\$aukblsr
=082  04$a576.5$223
=245  00$aModel Organism Encyclopedia Of DNA Elements.
=246  3\$amodENCODE
=264  \1$aBethesda :$bNational Human Genome Research Institute
=300  \\$a1 online resource
=336  \\$acomputer dataset$2rdacontent
=336  \\$atext$2rdacontent
=337  \\$acomputer$2rdamedia
=338  \\$aonline resource$2rdacarrier
=506  \\$aData are free to access.
=510  0\$uhttp://dx.doi.org/10.1093/database/bar023
=520  3\$aProvides comprehensive information on genomic functional elements for two key model organisms: Caenorhabditis elegans (nematode worm) and Drosophila melanogaster (fruit fly). Project data includes chromatic structure, copy number variation, gene structure, genome sequence, histone modification and replacement, RNA expression profiling and transcription factor binding sites. Data are available for analysis on the Amazon compute cloud, as well as in bulk download via FTP. Data can also be subset with a faceted browse and download of results.
=540  \\$aNot stated.
=584  \\$aData is generated by a research network formed of 11 contributing projects.
=588  \\$aDescription based on contents viewed on August 18, 2014 ; title from database home page.
=584  \\$aAccepting data submissions: No.
=650  \0$aCaenorhabditis elegans$xGenetics.
=650  \0$aDrosophila melanogaster$xGenetics.
=650  \0$aCaenorhabditis elegans$xGenomics, Functional.
=650  \0$aDrosophila melanogaster$xGenomics, Functional.
=653  \\$aModels, Animal
=653  2\$aModel Organisms
=655  \7$aDataset.$2local
=655  \7$aExperimental data.$2local
=655  \7$aReference data.$2local
=690  7\$aResearch Datasets Collection$2blcoll
=710  2\$aNational Human Genome Research Institute (U.S.)
=710  2\$amodENCODE Project.
=856  40$uhttp://www.modencode.org/$yResearch Datasets Collection
=859  \\$aXLD$bdatasets
=CAT  \\$aRESDATASET$b00$c20130823$lBLL01$h1203
=CAT  \\$a7332$b40$c20140818$lBLL01$h1254
=CAT  \\$aW1606-1753$c20171028$lBLL01$h1352
=FIN  \\$aY$d20140818
=SRC  \\$aBLDatasets$bdatasets20130822.xml
=LAS  \\$aW1606-1753$b00$c20171028$lBLL01$h1352

