=LDR  02337 mi a2200541 i 4500
=001  016480475
=003  Uk
=005  20140818105903.0
=006  s||\d|||||||0\\\a2
=007  cr\|||||||||||
=008  130823c200u9999xxu\\\\\o\\j\\\\\\\\eng\\
=FMT  \\$a  CF
=024  7\$astm20130808i$2local
=040  \\$aUk$beng$cUk$erda
=042  \\$aukblsr
=082  04$a502.82$223
=245  00$aYeast Resource Center Public Image Repository.
=246  3\$aYRC Public Image Repository
=264  \1$aSeattle :$bUniversity of Washington
=300  \\$a1 online resource
=336  \\$acomputer dataset$2rdacontent
=336  \\$atext$2rdacontent
=337  \\$acomputer$2rdamedia
=338  \\$aonline resource$2rdacarrier
=506  \\$aData are free to access.
=516  \\$aimage/tiff.
=520  3\$aA database of fluorescent microscopy images showing the localization, co-localization and FRET (fluorescence energy transfer) of proteins in Saccharomyces cerevisiae. Images can be queried by visualisation options (e.g. by number of channels, sections of time series) or by biological characteristics, e.g. species (data from S. pombe are also available), strain or protein. Each experiment or the results of each query can be downloaded separately, or the entire database can be downloaded to analyse locally.
=540  \\$aNot stated.
=584  \\$aData were generated in Trisha Davis' Lab or were part of an independent publication.
=588  \\$aDescription based on contents viewed on August 18, 2014 ; title from database home page.
=584  \\$aAccepting data submissions: No.
=650  \0$aFluorescence microscopy$vAtlases.
=650  \0$aEnergy transfer.
=650  \0$aSaccharomyces cerevisiae.
=653  \\$aProteins
=653  2\$aModel Organisms
=655  \7$aDataset.$2local
=655  \7$aRecordings.$2local
=690  7\$aResearch Datasets Collection$2blcoll
=710  2\$aUniversity of Washington.
=856  40$uhttp://images.yeastrc.org/imagerepo/pages/imagerepo/search.jsp$yResearch Datasets Collection
=859  \\$aXLD$bdatasets
=CAT  \\$aRESDATASET$b00$c20130823$lBLL01$h1203
=CAT  \\$a7332$b40$c20140818$lBLL01$h1059
=CAT  \\$aW1606-1753$c20171028$lBLL01$h1352
=FIN  \\$aY$d20140818
=SRC  \\$aBLDatasets$bdatasets20130822.xml
=LAS  \\$aW1606-1753$b00$c20171028$lBLL01$h1352

