=LDR  02046 mi a2200541 i 4500
=001  016480476
=003  Uk
=005  20171017131102.0
=006  s||\d|||||||0\\\a2
=007  cr\|||||||||||
=008  130823c20129999ja\\\\\\o\\j\\\\\\\\eng\\
=FMT  \\$a  CF
=024  7\$astm20130808k$2local
=040  \\$aUk$beng$cUk$erda
=042  \\$aukblsr
=082  04$a571.865$223
=245  00$aWorm Developmental Dynamics Database.
=246  3\$aWDDD
=264  \1$aKobe :$bRIKEN Quantitative Biology Center,$c2012-
=300  \\$a1 online resource
=336  \\$acomputer dataset$2rdacontent
=336  \\$atext$2rdacontent
=337  \\$acomputer$2rdamedia
=338  \\$aonline resource$2rdacarrier
=506  \\$aData are free to access.
=510  0\$uhttp://dx.doi.org/10.1093/nar/gks1107
=520  3\$aQuantitative data on cell division in the early development of Caenorhabditis elegans embryos. Queries by gene generate a list of experiments, where full image data can be downloaded, or 4D image data can be navigated in the browser through time and through the focal plane.
=540  \\$aNot stated.
=584  \\$aAccepting data submissions: No.
=588  \\$aDescription based on WDDD001 viewed on August 18, 2014 ; title from database home page.
=650  \0$aCell division.
=650  \0$aEmbryology.
=650  \0$aCaenorhabditis elegans$xEmbryology.
=653  \\$aModels, Animal
=653  2\$aModel Organisms
=655  \7$aDataset.$2local
=655  \7$aExperimental data.$2local
=690  7\$aResearch Datasets Collection$2blcoll
=710  2\$aQuantitative Biology Center (Japan)
=856  40$uhttp://so.qbic.riken.jp/wddd/cdd/index.html$yResearch Datasets Collection
=859  \\$aXLD$bdatasets
=CAT  \\$aRESDATASET$b00$c20130823$lBLL01$h1203
=CAT  \\$a7332$b40$c20140818$lBLL01$h1036
=CAT  \\$a7332$b40$c20171017$lBLL01$h1311
=CAT  \\$aW1606-1753$c20171028$lBLL01$h1352
=FIN  \\$aY$d20140818
=SRC  \\$aBLDatasets$bdatasets20130822.xml
=LAS  \\$aW1606-1753$b00$c20171028$lBLL01$h1352

