=LDR  01617 mi a2200505 i 4500
=001  016480477
=003  Uk
=005  20140818095849.0
=006  s||\d|||||||0\\\a2
=007  cr\|||||||||||
=008  130823c201u9999ch\\\\\\o\\j\\\\\\\\eng\\
=FMT  \\$a  CF
=024  7\$astm20130808l$2local
=040  \\$aUk$beng$cUk$erda
=042  \\$aukblsr
=082  04$a599.8643$223
=245  00$aRhesusBase.
=264  \1$aBeijing :$bPeking University
=300  \\$a1 online resource
=336  \\$acomputer dataset$2rdacontent
=336  \\$atext$2rdacontent
=337  \\$acomputer$2rdamedia
=338  \\$aonline resource$2rdacarrier
=506  \\$aData are free to access.
=510  0\$uhttp://dx.doi.org/10.1093/nar/gks835
=540  \\$aNot stated.
=584  \\$aAccepting data submissions: No.
=588  \\$aDescription based on version 2.0 viewed on August 18, 2014 ; title from database home page.
=650  \0$aRhesus monkey$xGenetics.
=650  \0$aRhesus monkey$xGenome mapping.
=653  \\$aModels, Animal
=653  \\$aGenetic Variation
=653  2\$aModel Organisms
=655  \7$aDataset.$2local
=655  \7$aExperimental data.$2local
=690  7\$aResearch Datasets Collection$2blcoll
=710  2\$aBeijing da xue.
=856  40$uhttp://www.rhesusbase.org/$yResearch Datasets Collection
=859  \\$aXLD$bdatasets
=CAT  \\$aRESDATASET$b00$c20130823$lBLL01$h1203
=CAT  \\$a7332$b40$c20140818$lBLL01$h0958
=CAT  \\$aW1606-1753$c20171028$lBLL01$h1352
=FIN  \\$aY$d20140818
=SRC  \\$aBLDatasets$bdatasets20130822.xml
=LAS  \\$aW1606-1753$b00$c20171028$lBLL01$h1352

