=LDR  02308 mi a2200505 i 4500
=001  016480478
=003  Uk
=005  20140924100056.0
=006  s||\d|||||||0\\\a2
=007  cr\|||||||||||
=008  130823c200u9999xxc\\\\\o\\j\\\\\\\\eng\\
=FMT  \\$a  CF
=024  7\$astm20130809a$2local
=040  \\$aUk$beng$cUk$erda
=042  \\$aukblsr
=082  04$a572.6$223
=245  00$aphosphoGRID.
=264  \1$a[Canada] :$bphosphoGRID
=300  \\$a1 online resource
=336  \\$acomputer dataset$2rdacontent
=336  \\$atext$2rdacontent
=337  \\$acomputer$2rdamedia
=338  \\$aonline resource$2rdacarrier
=506  \\$aData are free to access.
=520  3\$aProvides details of experimentally verified (both high throughput mass-spec and low throughput, individual protein studies) in vivo protein phosphorylation sites in Saccharomyces cerevisiae. The protein kinases and phosphatases shown to regulate appearance of phosphorylations are given where available, as is the function of the phosphorylation, and conditions under which the modification was shown to occur. Data can be queried by gene names or identifiers, or the full database can be downloaded for local use. There is a submission form for researchers to submit their own data.
=540  \\$aAll data is freely available to both commercial and academic users for research purposes only.
=584  \\$aData are extracted from the literature, and can also be contributed by users.
=588  \\$aDescription based on contents viewed on August 18, 2014 ; title from database Welcome page.
=584  \\$aAccepting data submissions: Yes.
=650  \0$aProteomics.
=650  \0$aSaccharomyces cerevisiae.
=653  2\$aModel Organisms
=655  \7$aDataset.$2local
=655  \7$aExperimental data.$2local
=690  7\$aResearch Datasets Collection$2blcoll
=710  2\$aphosphoGRID (Database)
=856  40$uhttp://www.phosphogrid.org/$yResearch Datasets Collection
=859  \\$aXLD$bdatasets
=CAT  \\$aRESDATASET$b00$c20130823$lBLL01$h1203
=CAT  \\$a7332$b40$c20140818$lBLL01$h0853
=CAT  \\$a7332$b40$c20140924$lBLL01$h1000
=CAT  \\$aW1606-1753$c20171028$lBLL01$h1352
=FIN  \\$aY$d20140818
=SRC  \\$aBLDatasets$bdatasets20130822.xml
=LAS  \\$aW1606-1753$b00$c20171028$lBLL01$h1352

