=LDR  02040 mi a2200541 i 4500
=001  016480480
=003  Uk
=005  20140722105709.0
=006  s||\d|||||||0\\\a2
=007  cr\|||||||||||
=008  130823c20119999fr\\\\\\o\\j\\\\\\\\eng\\
=FMT  \\$a  CF
=024  7\$astm20130809c$2local
=040  \\$aUk$beng$cUk$erda
=042  \\$aukblsr
=082  04$a581.35$223
=245  00$aPlantRNA.
=264  \1$a[Paris] :$bNational Center for Scientific Research
=300  \\$a1 online resource
=336  \\$acomputer dataset$2rdacontent
=336  \\$atext$2rdacontent
=337  \\$acomputer$2rdamedia
=338  \\$aonline resource$2rdacarrier
=506  \\$aData are free to access.
=510  0\$uhttp://dx.doi.org/10.1093/nar/gks935
=520  3\$aA database of transfer RNA (tRNA) sequences from Arabidopsis thaliana, Oryza sativa, Populus trichocarpa, Medicago truncatula, Brachypodium dystachyon, Physcomitrella patens, Cyanophora paradoxa, Chlamydomonas reinhardtii, Ostreococcus tauri, Ectocarpus siliculosus and Phaeodactylum tricornutum.
=540  \\$aNot stated.
=584  \\$aAccepting data submissions: No.
=588  \\$aDescription based on contents viewed on July 22, 2014; title from database home page.
=650  \0$aPlant genomes.
=650  \0$aTransfer RNA.
=653  \\$aPlants
=653  2\$aFood security
=653  2\$aModel Organisms
=655  \7$aDataset.$2local
=655  \7$aExperimental data.$2local
=690  7\$aResearch Datasets Collection$2blcoll
=710  2\$aCentre national de la recherche scientifique (France)
=856  40$uhttp://plantrna.ibmp.cnrs.fr/$yResearch Datasets Collection
=859  \\$aXLD$bdatasets
=CAT  \\$aRESDATASET$b00$c20130823$lBLL01$h1203
=CAT  \\$a7332$b40$c20140722$lBLL01$h0846
=CAT  \\$a7332$b40$c20140722$lBLL01$h1056
=CAT  \\$a7332$b40$c20140722$lBLL01$h1057
=CAT  \\$aW1606-1753$c20171028$lBLL01$h1352
=FIN  \\$aY$d20140722
=SRC  \\$aBLDatasets$bdatasets20130822.xml
=LAS  \\$aW1606-1753$b00$c20171028$lBLL01$h1352

