=LDR  02052 mi a2200505 i 4500
=001  016480481
=003  Uk
=005  20140818081354.0
=006  s||\d|||||||0\\\a2
=007  cr\|||||||||||
=008  130823c20uu9999ja\\\\\\o\\j\\\\\\\\eng\\
=FMT  \\$a  CF
=024  7\$astm20130809d$2local
=040  \\$aUk$beng$cUk$erda
=042  \\$aukblsr
=082  04$a572.865$223
=245  00$aCOXPRESdb.
=264  \1$a[Sendai] :$bTohoku University
=300  \\$a1 online resource
=336  \\$acomputer dataset$2rdacontent
=336  \\$atext$2rdacontent
=337  \\$acomputer$2rdamedia
=338  \\$aonline resource$2rdacarrier
=506  \\$aData are free to access.
=510  0\$uhttp://dx.doi.org/ 10.1093/nar/gks1014
=516  \\$atext/csv.
=520  3\$aDatabase of coexpressed genes in Human (Homo sapiens), mouse (Mus musculus), rat (Rattus norvegicus), chicken (Gallus gallus), zebrafish (Danio rerio), fruit fly (Drosophila melanogaster), nematode worm (Caenorhabditis elegans), monkey (Macaca mulatta), dog (Canis familiaris), budding (Saccharomyces cerevisiae) and fission yeast (S. pombe) expression profiles. Gene pairs can be queried or data can be searched by keywords or identifiers.
=540  \\$aA version of Science or Creative Commons.
=584  \\$aAccepting data submissions: No.
=588  \\$aDescription based on version 5.0 viewed on August 18, 2014 ; title from database home page.
=650  \0$aGene expression$vDatabases.
=653  \\$aGenetic Processes
=653  2\$aModel Organisms
=655  \7$aDataset.$2local
=655  \7$aExperimental data.$2local
=690  7\$aResearch Datasets Collection$2blcoll
=710  2\$aTōhoku Daigaku.
=856  40$uhttp://coxpresdb.jp/$yResearch Datasets Collection
=859  \\$aXLD$bdatasets
=CAT  \\$aRESDATASET$b00$c20130823$lBLL01$h1203
=CAT  \\$a7332$b40$c20140818$lBLL01$h0813
=CAT  \\$aW1606-1753$c20171028$lBLL01$h1352
=FIN  \\$aY$d20140818
=SRC  \\$aBLDatasets$bdatasets20130822.xml
=LAS  \\$aW1606-1753$b00$c20171028$lBLL01$h1352

