=LDR  02223ami a2200529 i 4500
=001  016480482
=003  Uk
=005  20140711160516.0
=006  s||\d|||||||0\\\a2
=007  cr\|||||||||||
=008  130823c20uu9999xxu\\\\\o\\j\\\\\\\\eng\\
=FMT  \\$a  CF
=024  7\$astm20130809e$2local
=040  \\$aUk$beng$cUk$erda
=042  \\$aukblsr
=082  04$a572.862$223
=245  00$aPlant Genome Duplication Database.
=246  3\$aPGDD
=264  \1$a[Athens, GA] :$bUniversity of Georgia
=300  \\$a1 online resource
=336  \\$acomputer dataset$2rdacontent
=336  \\$atext$2rdacontent
=337  \\$acomputer$2rdamedia
=338  \\$aonline resource$2rdacarrier
=506  \\$aData are free to access.
=520  3\$aData on the synteny of plant genes. Includes data across important model (Arabidopsis thaliana, Medicago truncatula), vegetable (e.g. Cucumis sativus (cucumber), chinese cabbage (Brassica rapa) and potato (Solanum tuberosum)), fruit (e.g. grape (Vitis vinifera), tomato (Solanum lycopersicum), apple (Malus x domestica) and banana (Musa acuminata)), cereal (e.g. maize (Zea mays), sorghum (Sorghum bicolor) and rice (Oryza sativa)) and economic (e.g. cotton (Gossypium raimondii) and cacao (Theobroma cacao)) plant species.
=540  \\$aNot stated.
=584  \\$aAccepting data submissions: No.
=588  \\$aDescription based on contents viewed on July 7, 2014; title from database home page.
=650  \0$aPlant genomes$vDatabases.
=653  \\$aGenetic Variation
=653  \\$aPlants
=653  \\$aPlant Breeding and Genetics
=653  2\$aFood security
=655  \7$aDataset.$2local
=655  \7$aExperimental data.$2local
=690  7\$aResearch Datasets Collection$2blcoll
=710  2\$aUniversity of Georgia.$bPlant Genome Mapping Laboratory.
=856  40$uhttp://chibba.agtec.uga.edu/duplication/$yResearch Datasets Collection
=859  \\$aXLD$bdatasets
=985  \\$a710 = new hdg.
=CAT  \\$aRESDATASET$b00$c20130823$lBLL01$h1203
=CAT  \\$a7332$b40$c20140711$lBLL01$h1605
=CAT  \\$aW1606-1753$c20171028$lBLL01$h1352
=FIN  \\$aY$d20140711
=SRC  \\$aBLDatasets$bdatasets20130822.xml
=LAS  \\$aW1606-1753$b00$c20171028$lBLL01$h1352

