=LDR  01786 mi a2200541 i 4500
=001  016480483
=003  Uk
=005  20140715081022.0
=006  s||\d|||||||0\\\a2
=007  cr\|||||||||||
=008  130823c20uu9999xxu\\\\\o\\j\\\\\\\\eng\\
=FMT  \\$a  CF
=024  7\$astm20130809f$2local
=040  \\$aUk$beng$cUk$erda
=042  \\$aukblsr
=082  04$a581.35$223
=245  00$aPlant Intron and Exon Comparison and Evolution Database.
=246  3\$aPIECE
=264  \1$a[Washington DC] :$bUnited States Department of Agriculture
=300  \\$a1 online resource
=336  \\$acomputer dataset$2rdacontent
=336  \\$atext$2rdacontent
=337  \\$acomputer$2rdamedia
=338  \\$aonline resource$2rdacarrier
=506  \\$aData are free to access.
=510  0\$uhttp://dx.doi.org/10.1093/nar/gks1109
=540  \\$aNot stated.
=584  \\$aAccepting data submissions: No.
=588  \\$aDescription based on contents viewed on July 15, 2014; title from database home page.
=650  \0$aPlant genetics$vDatabases.
=650  \0$aIntrons.
=650  \0$aExons (Genetics)
=653  \\$aGenetic Variation
=653  \\$aPlants
=653  \\$aPlant Breeding and Genetics
=653  2\$aFood security
=655  \7$aDataset.$2local
=655  \7$aExperimental data.$2local
=690  7\$aResearch Datasets Collection$2blcoll
=710  1\$aUnited States.$bDepartment of Agriculture.
=856  40$uhttp://wheat.pw.usda.gov/piece/$yResearch Datasets Collection
=859  \\$aXLD$bdatasets
=CAT  \\$aRESDATASET$b00$c20130823$lBLL01$h1203
=CAT  \\$a7332$b40$c20140715$lBLL01$h0810
=CAT  \\$aW1606-1753$c20171028$lBLL01$h1352
=FIN  \\$aY$d20140715
=SRC  \\$aBLDatasets$bdatasets20130822.xml
=LAS  \\$aW1606-1753$b00$c20171028$lBLL01$h1352

