=LDR  01701 mi a2200505 i 4500
=001  016480484
=003  Uk
=005  20140812123622.0
=006  s||\d|||||||0\\\a2
=007  cr\|||||||||||
=008  130823c20uu9999at\\\\\\o\\j\\\\\\\\eng\\
=FMT  \\$a  CF
=024  7\$astm20130809g$2local
=040  \\$aUk$beng$cUk$erda
=042  \\$aukblsr
=082  04$a583.64$223
=245  00$aSUBA3 :$bThe SUBcellular localisation database for Arabidopsis proteins.
=264  \1$a[Crawley] :$bUniversity of Western Australia
=300  \\$a1 online resource
=336  \\$acomputer dataset$2rdacontent
=336  \\$atext$2rdacontent
=337  \\$acomputer$2rdamedia
=338  \\$aonline resource$2rdacarrier
=506  \\$aData are free to access.
=510  0\$uhttp://dx.doi.org/10.1093/nar/gks1151
=540  \\$aNot stated.
=584  \\$aAccepting data submissions: Yes.
=588  \\$aDescription based on contents viewed on August 12, 2014 ; title from database home page.
=650  \0$aArabidopsis$xMetabolism.
=653  \\$aPlants
=653  \\$aProteins
=653  2\$aModel Organisms
=655  \7$aDataset.$2local
=655  \7$aExperimental data.$2local
=690  7\$aResearch Datasets Collection$2blcoll
=710  2\$aUniversity of Western Australia.
=856  40$uhttp://suba.plantenergy.uwa.edu.au/$yResearch Datasets Collection
=859  \\$aXLD$bdatasets
=CAT  \\$aRESDATASET$b00$c20130823$lBLL01$h1203
=CAT  \\$a7332$b40$c20140812$lBLL01$h1233
=CAT  \\$a7332$b40$c20140812$lBLL01$h1236
=CAT  \\$aW1606-1753$c20171028$lBLL01$h1352
=FIN  \\$aY$d20140812
=SRC  \\$aBLDatasets$bdatasets20130822.xml
=LAS  \\$aW1606-1753$b00$c20171028$lBLL01$h1352

