=LDR  01883 mi a2200529 i 4500
=001  016480486
=003  Uk
=005  20140812120331.0
=006  s||\d|||||||0\\\a2
=007  cr\|||||||||||
=008  130823c20uu9999xxu\\\\\o\\j\\\\\\\\eng\\
=FMT  \\$a  CF
=024  7\$astm20130809i$2local
=040  \\$aUk$beng$cUk$erda
=042  \\$aukblsr
=082  04$a599.352$223
=245  00$aRat Genome Database.
=246  3\$aRGD
=264  \1$aMilwaukee :$bMedical College of Wisconsin
=300  \\$a1 online resource
=336  \\$acomputer dataset$2rdacontent
=336  \\$atext$2rdacontent
=337  \\$acomputer$2rdamedia
=338  \\$aonline resource$2rdacarrier
=506  \\$aData are free to access.
=520  3\$aRat genomic data covering gene function and expression, genetic markers and maps, sequencing, ontologies and comprehensive strain information. Data can be accessed by searches across each data type, and FTP download is also provided.
=540  \\$aNot stated.
=584  \\$aAccepting data submissions: No.
=588  \\$aDescription based on contents viewed on August 12, 2014 ; title from Data page.
=650  \0$aRats$xGenetics.
=650  \0$aRats$xGenome mapping.
=653  \\$aGenetic Variation
=653  \\$aModels, Animal
=653  2\$aModel Organisms
=655  \7$aDataset.$2local
=655  \7$aExperimental data.$2local
=655  \7$aReference data.$2local
=690  7\$aResearch Datasets Collection$2blcoll
=710  2\$aMedical College of Wisconsin.
=856  40$uhttp://rgd.mcw.edu/wg/data-menu$yResearch Datasets Collection
=859  \\$aXLD$bdatasets
=CAT  \\$aRESDATASET$b00$c20130823$lBLL01$h1203
=CAT  \\$a7332$b40$c20140812$lBLL01$h1203
=CAT  \\$aW1606-1753$c20171028$lBLL01$h1352
=FIN  \\$aY$d20140812
=SRC  \\$aBLDatasets$bdatasets20130822.xml
=LAS  \\$aW1606-1753$b00$c20171028$lBLL01$h1352

