=LDR  01826 mi a2200517 i 4500
=001  016480488
=003  Uk
=005  20140812111825.0
=006  s||\d|||||||0\\\a2
=007  cr\|||||||||||
=008  130823c20089999enk\\\\\o\\j\\\\\\\\eng\\
=FMT  \\$a  CF
=024  7\$astm20130812a$2local
=040  \\$aUk$beng$cUk$erda
=042  \\$aukblsr
=082  04$a579.563$223
=245  00$ayeast.sf.net.
=246  3\$aecoli.sourceforge.net
=264  \1$a[Place of publication not identified] :$bSourceforge,$c2011-
=300  \\$a1 online resource
=336  \\$acomputer dataset$2rdacontent
=336  \\$atext$2rdacontent
=337  \\$acomputer$2rdamedia
=338  \\$aonline resource$2rdacarrier
=506  \\$aData are free to access.
=520  3\$aAn annotated metabolic map for budding yeast (Saccharomyces cerevisiae). Full data files are available fore download via SourceForge.
=540  \\$aNot stated.
=584  \\$aAccepting data submissions: No.
=588  \\$aDescription based on version 7 viewed on August 11, 2014; title from database home page.
=650  \0$aSaccharomyces cerevisiae$xMetabolism.
=653  \\$aMetabolism
=653  2\$aModel Organisms
=655  \7$aDataset.$2local
=655  \7$aExperimental data.$2local
=655  \7$aReference data.$2local
=690  7\$aResearch Datasets Collection$2blcoll
=710  2\$aManchester Centre for Integrative Systems Biology.
=856  40$uhttp://yeast.sf.net/$yResearch Datasets Collection
=859  \\$aXLD$bdatasets
=CAT  \\$aRESDATASET$b00$c20130823$lBLL01$h1203
=CAT  \\$a7332$b40$c20140811$lBLL01$h1127
=CAT  \\$a7332$b40$c20140812$lBLL01$h1118
=CAT  \\$aW1606-1753$c20171028$lBLL01$h1352
=FIN  \\$aY$d20140811
=SRC  \\$aBLDatasets$bdatasets20130822.xml
=LAS  \\$aW1606-1753$b00$c20171028$lBLL01$h1352

