=LDR  01941 mi a2200529 i 4500
=001  016480490
=003  Uk
=005  20140812090656.0
=006  s||\d|||||||0\\\a2
=007  cr\|||||||||||
=008  130823c20uu9999ch\\\\\\o\\j\\\\\\\\eng\\
=FMT  \\$a  CF
=024  7\$astm20130813a$2local
=040  \\$aUk$beng$cUk$erda
=042  \\$aukblsr
=082  04$a572.64$223
=245  00$aNeurospora crassa Protein Interactome database.
=246  3\$aNCPI database
=264  \1$aBeijing :$bChina Agricultural University
=300  \\$a1 online resource
=336  \\$acomputer dataset$2rdacontent
=336  \\$atext$2rdacontent
=337  \\$acomputer$2rdamedia
=338  \\$aonline resource$2rdacarrier
=506  \\$aData are free to access.
=516  \\$aapplication/gzip.
=520  3\$aData on protein-protein reactions from the model organism Neurospora crassa. The full dataset can be downloaded, or it can be queried via the website by protein name or by pairs of protein names.
=540  \\$aNot stated.
=584  \\$aData were created by the Zhang Lab or submitted by the research community.
=588  \\$aDescription based on contents viewed on August 12, 2014; title from database home page.
=584  \\$aAccepting data submissions: Yes.
=650  \0$aNeurospora crassa.
=650  \0$aProtein-protein interactions.
=653  \\$aProteins
=653  2\$aModel Organisms
=655  \7$aDataset.$2local
=655  \7$aExperimental data.$2local
=690  7\$aResearch Datasets Collection$2blcoll
=710  2\$aZhongguo nong ye da xue.
=856  40$uhttp://protein.cau.edu.cn/ncpi/$yResearch Datasets Collection
=859  \\$aXLD$bdatasets
=CAT  \\$aRESDATASET$b00$c20130823$lBLL01$h1203
=CAT  \\$a7332$b40$c20140812$lBLL01$h0906
=CAT  \\$aW1606-1753$c20171028$lBLL01$h1352
=FIN  \\$aY$d20140812
=SRC  \\$aBLDatasets$bdatasets20130822.xml
=LAS  \\$aW1606-1753$b00$c20171028$lBLL01$h1352

