=LDR  01751 mi a2200505 i 4500
=001  016480492
=003  Uk
=005  20140812085233.0
=006  s||\d|||||||0\\\a2
=007  cr\|||||||||||
=008  130823c20099999xxu\\\\\o\\j\\\\\\\\eng\\
=FMT  \\$a  CF
=024  7\$astm20130813d$2local
=040  \\$aUk$beng$cUk$erda
=042  \\$aukblsr
=082  04$a636.5$223
=245  00$aGallusReactome.
=264  \1$a[Newark] :$bUniversity of Delaware ;$a[New York] :$bNYU School of Medicine,$c2009-
=300  \\$a1 online resource
=336  \\$acomputer dataset$2rdacontent
=336  \\$atext$2rdacontent
=337  \\$acomputer$2rdamedia
=338  \\$aonline resource$2rdacarrier
=506  \\$aData are free to access.
=520  3\$aData on metabolic pathways and reactions from the chicken (Gallus gallus) as a model organism.
=540  \\$aNot stated.
=584  \\$aAccepting data submissions: No.
=588  \\$aDescription based on version 2 viewed on August 12, 2014; title from database home page.
=650  \0$aRed junglefowl$xMetabolism.
=653  \\$aMetabolism
=653  2\$aModel Organisms
=655  \7$aDataset.$2local
=655  \7$aExperimental data.$2local
=655  \7$aReference data.$2local
=690  7\$aResearch Datasets Collection$2blcoll
=710  2\$aUniversity of Delaware.
=710  2\$aNew York University.$bSchool of Medicine.
=856  40$uhttp://gallus.reactome.org/$yResearch Datasets Collection
=859  \\$aXLD$bdatasets
=CAT  \\$aRESDATASET$b00$c20130823$lBLL01$h1203
=CAT  \\$a7332$b40$c20140812$lBLL01$h0852
=CAT  \\$aW1606-1753$c20171028$lBLL01$h1352
=FIN  \\$aY$d20140812
=SRC  \\$aBLDatasets$bdatasets20130822.xml
=LAS  \\$aW1606-1753$b00$c20171028$lBLL01$h1352

