=LDR  02282 mi a2200553 i 4500
=001  016480493
=003  Uk
=005  20140812081324.0
=006  s||\d|||||||0\\\a2
=007  cr\|||||||||||
=008  130823c20uu9999xxu\\\\\o\\j\\\\\\\\eng\\
=FMT  \\$a  CF
=024  7\$astm20130813e$2local
=040  \\$aUk$beng$cUk$erda
=042  \\$aukblsr
=082  04$a636.5$223
=245  00$aGallus Expression in Situ Hybridization Analysis.
=246  3\$aGEISHA
=264  \1$a[Tucson] :$bUniversity of Arizona
=300  \\$a1 online resource
=336  \\$acomputer dataset$2rdacontent
=336  \\$atext$2rdacontent
=337  \\$acomputer$2rdamedia
=338  \\$aonline resource$2rdacarrier
=506  \\$aData are free to access.
=516  \\$aimage/jpeg; text/html.
=520  3\$aImage data from in situ hybridization studies of the developing chicken (Gallus gallus) embryo up to 6 days post fertilization. Data can be browsed by anatomical location, expressed gene or embryo stage, and data can be queried by gene name or keywords.
=540  \\$aAll site content, including but not limited to, images, movies and text, are copyrighted by the University of Arizona or with the individuals or publications from which data was obtained. You are welcome to download images for personal use.
=584  \\$aData are generated by the GEISHA team or curated from the literature.
=588  \\$aDescription based on contents viewed on August 12, 2014; title from database home page.
=584  \\$aAccepting data submissions: No.
=650  \0$aChickens$xGenetics.
=650  \0$aChickens$xEmbryos.
=650  \0$aGene expression.
=653  \\$aGenetic Techniques
=653  2\$aModel Organisms
=655  \7$aDataset.$2local
=655  \7$aExperimental data.$2local
=655  \7$aRecordings.$2local
=690  7\$aResearch Datasets Collection$2blcoll
=710  2\$aUniversity of Arizona.
=856  40$uhttp://geisha.arizona.edu/geisha/$yResearch Datasets Collection
=859  \\$aXLD$bdatasets
=CAT  \\$aRESDATASET$b00$c20130823$lBLL01$h1203
=CAT  \\$a7332$b40$c20140812$lBLL01$h0813
=CAT  \\$aW1606-1753$c20171028$lBLL01$h1352
=FIN  \\$aY$d20140812
=SRC  \\$aBLDatasets$bdatasets20130822.xml
=LAS  \\$aW1606-1753$b00$c20171028$lBLL01$h1352

