=LDR  01606 mi a2200481 i 4500
=001  016480494
=003  Uk
=005  20140812075324.0
=006  s||\d|||||||0\\\a2
=007  cr\|||||||||||
=008  130823c20uu9999fr\\\\\\o\\j\\\\\\\\eng\\
=FMT  \\$a  CF
=024  7\$astm20130813f$2local
=040  \\$aUk$beng$cUk$erda
=042  \\$aukblsr
=082  04$a597.64$223
=245  00$aTakifugu rubripes genome.
=264  \1$aParis :$bInserm
=300  \\$a1 online resource
=336  \\$acomputer dataset$2rdacontent
=336  \\$atext$2rdacontent
=337  \\$acomputer$2rdamedia
=338  \\$aonline resource$2rdacarrier
=506  \\$aData are free to access.
=540  \\$aNot stated.
=584  \\$aAccepting data submissions: No.
=588  \\$aDescription based on version 4 viewed on August 12, 2014; title from database home page.
=650  \0$aFugu$xGenetics.
=653  \\$aGenetic Variation
=653  2\$aModel Organisms
=655  \7$aDataset.$2local
=655  \7$aReference data.$2local
=690  7\$aResearch Datasets Collection$2blcoll
=710  2\$aInstitut national de la santeÌ et de la recherche meÌdicale (France)
=856  40$uhttp://www.germonline.org/Takifugu_rubripes/index.html$yResearch Datasets Collection
=859  \\$aXLD$bdatasets
=CAT  \\$aRESDATASET$b00$c20130823$lBLL01$h1203
=CAT  \\$a7332$b40$c20140812$lBLL01$h0753
=CAT  \\$aBATCH-UPD$b40$c20141211$lBLL01$h0435
=CAT  \\$aW1606-1753$c20171028$lBLL01$h1352
=FIN  \\$aY$d20140812
=SRC  \\$aBLDatasets$bdatasets20130822.xml
=LAS  \\$aW1606-1753$b00$c20171028$lBLL01$h1352

