=LDR  01811 mi a2200517 i 4500
=001  016480495
=003  Uk
=005  20140806104654.0
=006  s||\d|||||||0\\\a2
=007  cr\|||||||||||
=008  130823c20uu9999ja\\\\\\o\\j\\\\\\\\eng\\
=FMT  \\$a  CF
=024  7\$astm20130815a$2local
=040  \\$aUk$beng$cUk$erda
=042  \\$aukblsr
=082  04$a581.35$223
=245  00$aATTED-II.
=264  \1$a[Sendai] :$bTohoku University
=300  \\$a1 online resource
=336  \\$acomputer dataset$2rdacontent
=336  \\$atext$2rdacontent
=337  \\$acomputer$2rdamedia
=338  \\$aonline resource$2rdacarrier
=506  \\$aData are free to access.
=516  \\$atext/csv.
=520  3\$aData on co-regulated genes in plant species, specifically Arabidopsis thaliana, Medicago truncatula, rice (Oryza sativa), soybean (Glycine max), maize (Zea mays), grape (Vitis vinifera) and poplar (Populus trichocarpa).
=540  \\$aA version of Science or Creative Commons.
=584  \\$aAccepting data submissions: No.
=588  \\$aDescription based on: Version 7.1 viewed on August 6, 2014; title from Web page.
=650  \0$aPlant genetics$vDatabases.
=653  \\$aPlants
=653  \\$aGenetic Variation
=653  2\$aModel Organisms
=653  2\$aFood security
=655  \7$aDataset.$2local
=655  \7$aExperimental data.$2local
=690  7\$aResearch Datasets Collection$2blcoll
=710  2\$aTōhoku Daigaku.
=856  40$uhttp://atted.jp/$yResearch Datasets Collection
=859  \\$aXLD$bdatasets
=CAT  \\$aRESDATASET$b00$c20130823$lBLL01$h1203
=CAT  \\$a7332$b40$c20140806$lBLL01$h1046
=CAT  \\$aW1606-1753$c20171028$lBLL01$h1352
=FIN  \\$aY$d20140806
=SRC  \\$aBLDatasets$bdatasets20130822.xml
=LAS  \\$aW1606-1753$b00$c20171028$lBLL01$h1352

