=LDR  01841 mi a2200493 i 4500
=001  016480496
=003  Uk
=005  20140811141616.0
=006  s||\d|||||||0\\\a2
=007  cr\|||||||||||
=008  130823c20uu9999xxu\\\\\o\\j\\\\\\\\eng\\
=FMT  \\$a  CF
=024  7\$astm20130815b$2local
=040  \\$aUk$beng$cUk$erda
=042  \\$aukblsr
=082  04$a583.64$223
=245  00$aCressExpress.
=264  \1$a[Charlotte] :$bUniversity of North Carolina at Charlotte
=300  \\$a1 online resource
=336  \\$acomputer dataset$2rdacontent
=336  \\$atext$2rdacontent
=337  \\$acomputer$2rdamedia
=338  \\$aonline resource$2rdacarrier
=506  \\$aData are free to access.
=520  3\$aData on co-regulated genes in Arabidopsis thaliana. Data are queried by co-expression parameters and gene sets. Results of coexpression analysis will then be sent to a given email address. The data is also available via and API, details of which are provided.
=540  \\$aNot stated.
=584  \\$aAccepting data submissions: No.
=588  \\$aDescription based on contents viewed on August 11, 2014; title from database home page.
=650  \0$aArabidopsis thaliana$xGenetics.
=653  \\$aPlants
=653  \\$aGenetic Variation
=653  2\$aModel Organisms
=655  \7$aDataset.$2local
=655  \7$aExperimental data.$2local
=690  7\$aResearch Datasets Collection$2blcoll
=710  2\$aUniversity of North Carolina at Charlotte.
=856  40$uhttp://cressexpress.org/$yResearch Datasets Collection
=859  \\$aXLD$bdatasets
=CAT  \\$aRESDATASET$b00$c20130823$lBLL01$h1203
=CAT  \\$a7332$b40$c20140811$lBLL01$h1416
=CAT  \\$aW1606-1753$c20171028$lBLL01$h1352
=FIN  \\$aY$d20140811
=SRC  \\$aBLDatasets$bdatasets20130822.xml
=LAS  \\$aW1606-1753$b00$c20171028$lBLL01$h1352

