=LDR  02214 mi a2200505 i 4500
=001  016480497
=003  Uk
=005  20141110134509.0
=006  s||\d|||||||0\\\a2
=007  cr\|||||||||||
=008  130823s2014\\\\enk\\\\\o\\j\\\\\\\\eng\\
=FMT  \\$a  CF
=024  7\$astm20130819a$2local
=040  \\$aUk$beng$cUk$erda
=042  \\$aukblsr
=082  04$a551.4890112$223
=245  00$aFlood Alert Areas.
=264  \1$a[Great Britain] :$bEnvironment Agency,$c2014-
=300  \\$a1 online resource
=336  \\$acomputer dataset$2rdacontent
=336  \\$atext$2rdacontent
=337  \\$acomputer$2rdamedia
=338  \\$aonline resource$2rdacarrier
=506  \\$aUsers must register to access data.
=520  3\$aA Flood Alert Area is generally a large expanse of floodplain (up to and including the extreme flood outline which defines the Flood Warning Service Limit), within a catchment, sub-catchment or group of catchments, that is/are at risk from low impact flooding (from main rivers, ordinary watercourses and the sea). Access to data downloads: http://www.geostore.com/environment-agency/WebStore?xml=environment-agency/xml/ogcDataDownload.xml.
=540  \\$aEnvironment Agency copyright and/or database right.
=584  \\$aData are generated by the Environment Agency.
=588  \\$aDescription based on contents viewed on November 10, 2014 ; title from database Web page.
=584  \\$aAccepting data submissions: No.
=650  \0$aFlood forecasting$zGreat Britain.
=650  \0$aFlood warning systems$zGreat Britain.
=653  \\$aFloods
=653  2\$aFlooding
=655  \7$aDataset.$2local
=655  \7$aReference data.$2local
=690  7\$aResearch Datasets Collection$2blcoll
=710  1\$aGreat Britain.$bEnvironment Agency.
=856  40$uhttp://www.geostore.com/environment-agency/WebStore?xml=environment-agency/xml/dataLayers_FAA.xml$yResearch Datasets Collection
=859  \\$aXLD$bdatasets
=CAT  \\$aRESDATASET$b00$c20130823$lBLL01$h1203
=CAT  \\$a7332$b40$c20141110$lBLL01$h1345
=CAT  \\$aW1606-1753$c20171028$lBLL01$h1352
=FIN  \\$aY$d20141110
=SRC  \\$aBLDatasets$bdatasets20130822.xml
=LAS  \\$aW1606-1753$b00$c20171028$lBLL01$h1352

