=LDR  02418 mm a2200541 i 4500
=001  016480499
=003  Uk
=005  20141104134529.0
=006  s||\d|||||||0\\\a2
=007  cr\|||||||||||
=008  130823s2011\\\\enk\\\\\o\\j\\\\\\\\eng\\
=FMT  \\$a  CF
=024  7\$astm20130819c$2local
=040  \\$aUk$beng$cUk$erda
=042  \\$aukblsr
=082  04$a551.577$223
=245  00$aWATCH Forcing Data (WFD) - 20th Century Rainf GPCC (Rainfall GPCC) 1901-2001.
=264  \1$a[Wallingford] :$bCentre for Ecology and Hydrology,$c2011.
=300  \\$a1 online resource
=336  \\$acomputer dataset$2rdacontent
=336  \\$atext$2rdacontent
=337  \\$acomputer$2rdamedia
=338  \\$aonline resource$2rdacarrier
=506  \\$aUsers must register to access data.
=516  \\$aFurther information on data formats: http://www.eu-watch.org/watermip/data-format.
=518  \\$d1901-2001.
=520  3\$aThe WATCH Forcing data is a twentieth century meteorological forcing dataset for land surface and hydrological models.These data were created as part of the EU FP6 project WATCH which was coordinated by NERC-CEH and ran from 2007-2011. Please reference the use of the WATCH 20th Century model output in any work published using this dataset using the principal citation reference.
=540  \\$aPublishers copyright.
=584  \\$aData were created as part of the EU FP6 project WATCH.
=588  \\$aDescription based on contents viewed on November 4, 2014 ; title from database Web page.
=584  \\$aAccepting data submissions: No.
=650  \0$aRain and rainfall$vObservations$vDatabases.
=653  2\$aLiving With Environmental Change
=653  2\$aFlooding
=655  \7$aDataset.$2local
=655  \7$aModelled data.$2local
=655  \7$aLongitudinal data.$2local
=690  7\$aResearch Datasets Collection$2blcoll
=710  2\$aCentre for Ecology and Hydrology (Great Britain)
=710  2\$aWater and Global Change (WATCH) project.
=856  40$uhttp://data.gov.uk/dataset/watch-forcing-data-wfd-20th-century-rainf-gpcc-rainfall-gpcc-1901-2001$yResearch Datasets Collection
=859  \\$aXLD$bdatasets
=CAT  \\$aRESDATASET$b00$c20130823$lBLL01$h1203
=CAT  \\$a7332$b40$c20141104$lBLL01$h1345
=CAT  \\$aW1606-1753$c20171028$lBLL01$h1352
=FIN  \\$aY$d20141104
=SRC  \\$aBLDatasets$bdatasets20130822.xml
=LAS  \\$aW1606-1753$b00$c20171028$lBLL01$h1352

