=LDR  02060 mi a2200517 i 4500
=001  016480501
=003  Uk
=005  20140715084252.0
=006  s||\d|||||||0\\\a2
=007  cr\|||||||||||
=008  130823c20uu9999xxu\\\\\o\\j\\\\\\\\eng\\
=FMT  \\$a  CF
=024  7\$astm20130821a$2local
=040  \\$aUk$beng$cUk$erda
=042  \\$aukblsr
=082  04$a631.4773$223
=245  00$aWeb Soil Survey.
=246  3\$aWSS
=264  \1$a[Washington DC] :$bUnited States Department of Agriculture, Natural Resources Conservation Service
=300  \\$a1 online resource
=336  \\$acomputer dataset$2rdacontent
=336  \\$atext$2rdacontent
=337  \\$acomputer$2rdamedia
=338  \\$aonline resource$2rdacarrier
=506  \\$aData are free to access.
=516  \\$atext/plain; text/xml; Shapefile; application/msaccess.
=520  3\$aProvides comprehensive soil data for the continental United States. Accessing the soil survey application, you can define and area of interest and search for specific characteristics. Data can then be downloaded for that area, or reports on the area of interest can be created.
=540  \\$aNot stated.
=584  \\$aAccepting data submissions: No.
=588  \\$aDescription based on contents viewed on July 15, 2014; title from database home page.
=650  \0$aSoil surveys$zUnited States$vDatabases.
=653  \\$aSoil Classification
=653  2\$aFood security
=655  \7$aDataset.$2local
=655  \7$aReference data.$2local
=690  7\$aResearch Datasets Collection$2blcoll
=710  1\$aUnited States.$bNatural Resources Conservation Service.
=710  2\$aNational Cooperative Soil Survey (U.S.)
=856  40$uhttp://websoilsurvey.sc.egov.usda.gov/$yResearch Datasets Collection
=859  \\$aXLD$bdatasets
=CAT  \\$aRESDATASET$b00$c20130823$lBLL01$h1203
=CAT  \\$a7332$b40$c20140715$lBLL01$h0842
=CAT  \\$aW1606-1753$c20171028$lBLL01$h1352
=FIN  \\$aY$d20140715
=SRC  \\$aBLDatasets$bdatasets20130822.xml
=LAS  \\$aW1606-1753$b00$c20171028$lBLL01$h1352

