=LDR  02805 mm a2200517 i 4500
=001  016480514
=003  Uk
=005  20141105133957.0
=006  s||\d|||||||0\\\a2
=007  cr\|||||||||||
=008  130823s2011\\\\enk\\\\\o\\j\\\\\\\\eng\\
=FMT  \\$a  CF
=024  7\$astm20130822m$2local
=040  \\$aUk$beng$cUk$erda
=042  \\$aukblsr
=082  04$a551.48$223
=245  00$aUnderstanding Environmental Knowledge Controversies - Hydrology Data, 2007-2010.
=264  \1$a[Wallingford] :$bCentre for Ecology and Hydrology,$c2011.
=300  \\$a1 online resource
=336  \\$acomputer dataset$2rdacontent
=336  \\$atext$2rdacontent
=337  \\$acomputer$2rdamedia
=338  \\$aonline resource$2rdacarrier
=506  \\$aUsers must register to access data.
=518  \\$d2007-2010.
=520  3\$aThe study is part of the NERC Rural Economy and Land Use (RELU) programme. The project aimed to achieve four substantive contributions to knowledge: 1. To analyse how the knowledge claims and modelling technologies of hydrological science are developed and put into practice by policy makers and commercial organisations (such as insurance companies) in flood risk management. 2. To develop an integrated model for forecasting the in-river and floodplain effects of rural land management practices. 3. To experiment with a new approach to public engagement in the production of interdisciplinary environmental science, involving the use of Competency Groups. 4. To evaluate this new approach to doing public science differently and to identify lessons learnt that can be exported beyond this particular project to other fields of knowledge controversy. This dataset consists of computer code transcripts for two proprietary flood risk models.
=540  \\$aPublishers copyright.
=584  \\$aAccepting data submissions: No.
=588  \\$aDescription based on contents viewed on November 5, 2014 ; title from database Web page.
=650  \0$aHydrology$vObservations.
=653  2\$aFlooding
=653  2\$aLiving With Environmental Change
=655  \7$aDataset.$2local
=655  \7$aModelled data.$2local
=655  \7$aSurvey data.$2local
=690  7\$aResearch Datasets Collection$2blcoll
=710  2\$aCentre for Ecology and Hydrology (Great Britain)
=710  2\$aRural Economy and Land Use Programme (Great Britain)
=856  40$uhttp://data.gov.uk/dataset/understanding-environmental-knowledge-controversies-hydrology-data-2007-2010$yResearch Datasets Collection
=859  \\$aXLD$bdatasets
=CAT  \\$aRESDATASET$b00$c20130823$lBLL01$h1203
=CAT  \\$a7332$b40$c20141105$lBLL01$h1339
=CAT  \\$aW1606-1753$c20171028$lBLL01$h1352
=FIN  \\$aY$d20141105
=SRC  \\$aBLDatasets$bdatasets20130822.xml
=LAS  \\$aW1606-1753$b00$c20171028$lBLL01$h1352

