=LDR  01968 mm a2200553 i 4500
=001  016480515
=003  Uk
=005  20141104111204.0
=006  s||\d|||||||0\\\a2
=007  cr\|||||||||||
=008  130823s2011\\\\enk\\\\\o\\j\\\\\\\\eng\\
=FMT  \\$a  CF
=024  7\$astm20130822n$2local
=040  \\$aUk$beng$cUk$erda
=042  \\$aukblsr
=082  04$a553.70942$223
=245  00$aRiver Water Quality (Regions).
=264  \1$a[Great Britain] :$bEnvironment Agency,$c2011.
=300  \\$a1 online resource
=336  \\$acomputer dataset$2rdacontent
=336  \\$atext$2rdacontent
=337  \\$acomputer$2rdamedia
=338  \\$aonline resource$2rdacarrier
=506  \\$aData are free to access.
=516  \\$atext/csv.
=518  \\$d1990-2006.
=520  3\$aRiver Water Quality (Regions), including East, East Midlands, London, North East, North West, South East, South West, Wales, West Midlands, Yorkshire-Humber & RDA Summary.
=540  \\$aOpen Government License.
=584  \\$aAccepting data submissions: No.
=588  \\$aDescription based on contents viewed on November 4, 2014; title from Webpage.
=650  \0$aWater quality$zEngland.
=650  \0$aWater quality$zWales.
=653  \\$aGeography
=653  2\$aLiving With Environmental Change
=653  2\$aFlooding
=655  \7$aDataset.$2local
=655  \7$aObservational data.$2local
=655  \7$aSurvey data.$2local
=690  7\$aResearch Datasets Collection$2blcoll
=710  1\$aGreat Britain.$bEnvironment Agency.
=856  40$uhttp://data.gov.uk/dataset/river-water-quality-regions$yResearch Datasets Collection
=859  \\$aXLD$bdatasets
=CAT  \\$aRESDATASET$b00$c20130823$lBLL01$h1203
=CAT  \\$a11279$b40$c20140617$lBLL01$h1610
=CAT  \\$a7332$b40$c20141104$lBLL01$h1112
=CAT  \\$aW1606-1753$c20171028$lBLL01$h1352
=FIN  \\$aY$d20141104
=SRC  \\$aBLDatasets$bdatasets20130822.xml
=LAS  \\$aW1606-1753$b00$c20171028$lBLL01$h1352

