=LDR  02408 mm a2200541 i 4500
=001  016480516
=003  Uk
=005  20141016130653.0
=006  s||\d|||||||0\\\a2
=007  cr\|||||||||||
=008  130823s2009\\\\dk\\\\\\o\\j\\\\\\\\eng\\
=FMT  \\$a  CF
=024  7\$astm20130822o$2local
=040  \\$aUk$beng$cUk$erda
=042  \\$aukblsr
=082  04$a551.48094$223
=245  00$aWISE Large rivers and large lakes.
=264  \1$aCopenhagen :$bEuropean Environment Agency,$c2009.
=300  \\$a1 online resource
=336  \\$acomputer dataset$2rdacontent
=336  \\$atext$2rdacontent
=337  \\$acomputer$2rdamedia
=338  \\$aonline resource$2rdacarrier
=506  \\$aData are free to access.
=516  \\$aShapefile; application/msaccess.
=520  3\$aThe WISE datasets provide GIS data for large lakes and river. Large lakes are lakes that have a surface area larger than 500 km2. The definitions are from the WISE GIS guidance document. The main purpose of the data sets is to provide a cartographic background. To have a visually uninterrupted hydrographic network the feature layers should be used in combination with Transitional waters.
=540  \\$aRe-use for commercial or non-commercial purposes is permitted free of charge, provided that the source is acknowledged. Copyright holder: European Environment Agency (EEA).
=584  \\$aAccepting data submissions: No.
=588  \\$aDescription based on contents viewed on October 16, 2014; title from Webpage.
=650  \0$aRivers$xGeographic information systems$zEurope.
=650  \0$aLakes$xGeographic information systems$zEurope.
=653  \\$aPhysical geography
=653  \\$aGIS data
=653  2\$aLiving With Environmental Change
=653  2\$aFlooding
=655  \7$aDataset.$2local
=655  \7$aReference data.$2local
=690  7\$aResearch Datasets Collection$2blcoll
=710  2\$aEuropean Environment Agency.
=710  2\$aWater Information System for Europe (WISE)
=856  40$uhttp://www.eea.europa.eu/data-and-maps/data/wise-large-rivers-and-large-lakes$yResearch Datasets Collection
=859  \\$aXLD$bdatasets
=CAT  \\$aRESDATASET$b00$c20130823$lBLL01$h1203
=CAT  \\$a7332$b40$c20141016$lBLL01$h1306
=CAT  \\$aW1606-1753$c20171028$lBLL01$h1352
=FIN  \\$aY$d20141016
=SRC  \\$aBLDatasets$bdatasets20130822.xml
=LAS  \\$aW1606-1753$b00$c20171028$lBLL01$h1352

