=LDR  02349 mm a2200517 i 4500
=001  016480517
=003  Uk
=005  20141016105507.0
=006  s||\d|||||||0\\\a2
=007  cr\|||||||||||
=008  130823s2005\\\\dk\\\\\\o\\j\\\\\\\\eng\\
=FMT  \\$a  CF
=024  7\$astm20130822p$2local
=040  \\$aUk$beng$cUk$erda
=042  \\$aukblsr
=082  04$a912.4$223
=245  00$aFive meter elevation contour line.
=264  \1$aCopenhagen :$bEuropean Environment Agency,$c2005.
=300  \\$a1 online resource
=336  \\$acomputer dataset$2rdacontent
=336  \\$atext$2rdacontent
=337  \\$acomputer$2rdamedia
=338  \\$aonline resource$2rdacarrier
=506  \\$aData are free to access.
=516  \\$aapplication/zip; application/pdf.
=520  3\$aThe five meter elevation contour link data provides GIS data. The contour line layer makes it possible to identify lowlands which are vulnerable to significant sea level rise and the risk of flooding. Elevation data are provided in two forms: A Digital Terrain Model (DTM) which consists in a grid data of altitudes with a 90 to 100m resolution 5 meters height contour lines, in vector format, derived from the DTM and completed where needed with other sources of data.
=540  \\$aRe-use for commercial or non-commercial purposes is permitted free of charge, provided that the source is acknowledged. Copyright holder: European Environment Agency (EEA).
=584  \\$aAccepting data submissions: No.
=588  \\$aDescription based on contents viewed on October 16, 2014; title from Webpage.
=650  \0$aCoasts$zEurope$vMaps.
=653  \\$aPhysical geography
=653  \\$aGIS data
=653  2\$aLiving With Environmental Change
=653  2\$aFlooding
=655  \7$aDataset.$2local
=655  \7$aReference data.$2local
=690  7\$aResearch Datasets Collection$2blcoll
=710  2\$aEuropean Environment Agency.
=856  40$uhttp://www.eea.europa.eu/data-and-maps/data/five-meter-elevation-contour-line#tab-gis-data$yResearch Datasets Collection
=859  \\$aXLD$bdatasets
=CAT  \\$aRESDATASET$b00$c20130823$lBLL01$h1203
=CAT  \\$a7332$b40$c20141016$lBLL01$h1055
=CAT  \\$aW1606-1753$c20171028$lBLL01$h1352
=FIN  \\$aY$d20141016
=SRC  \\$aBLDatasets$bdatasets20130822.xml
=LAS  \\$aW1606-1753$b00$c20171028$lBLL01$h1352

