=LDR  02322 mi a2200589 i 4500
=001  016480519
=003  Uk
=005  20140722111449.0
=006  s||\d|||||||0\\\a2
=007  cr\|||||||||||
=008  130823c20069999fr\\\\\\o\\j\\\\\\\\eng\\
=FMT  \\$a  CF
=024  7\$astm20130822r$2local
=040  \\$aUk$beng$cUk$erda
=042  \\$aukblsr
=082  04$a581.35$223
=245  00$aGnpIS :$bGenetics and Genomic Information System.
=246  3\$aGenetics and Genomic Information System
=264  \1$a[Paris] :$bFrench National Institute for Agricultural Research
=300  \\$a1 online resource
=336  \\$acomputer dataset$2rdacontent
=336  \\$atext$2rdacontent
=337  \\$acomputer$2rdamedia
=338  \\$aonline resource$2rdacarrier
=500  \\$aAlso issued in French.
=506  \\$aData are free to access.
=510  0\$uhttp://doi.org/10.1093/database/bat058
=520  3\$aProvides genetic sequence, expression and mapping data, taxonomic, phenotype and polymorphism data, for important fruit (e.g. citrus almond and olive), vegetable (e.g. potato, allium and brassica) and crop species, as well as for the model plant Medicago truncatula.
=540  \\$aNot stated.
=584  \\$aAccepting data submissions: Yes.
=588  \\$aDescription based on Build 14.1.1. last updated 2014/07/17: viewed on July 22, 2014; title from database home page.
=650  \0$aPlant genetics$vDatabases.
=650  \0$aCrops$xGenetics$vDatabases.
=653  \\$aPlants
=653  \\$aPlant Breeding and Genetics
=653  \\$aGenetic Variation
=653  2\$aFood security
=653  2\$aModel Organisms
=655  \7$aDataset.$2local
=655  \7$aExperimental data.$2local
=655  \7$aReference data.$2local
=690  7\$aResearch Datasets Collection$2blcoll
=710  2\$aInstitut national de la recherche agronomique (France).$bUniteÌ de Recherches en GeÌnomique Info.
=856  40$uhttp://urgi.versailles.inra.fr/gnpis/$yResearch Datasets Collection
=859  \\$aXLD$bdatasets
=985  \\$a710 = new hdg.
=CAT  \\$aRESDATASET$b00$c20130823$lBLL01$h1203
=CAT  \\$a7332$b40$c20140722$lBLL01$h1114
=CAT  \\$aW1606-1753$c20171028$lBLL01$h1352
=FIN  \\$aY$d20140722
=SRC  \\$aBLDatasets$bdatasets20130822.xml
=LAS  \\$aW1606-1753$b00$c20171028$lBLL01$h1352

