=LDR  01851 mi a2200505 i 4500
=001  016480520
=003  Uk
=005  20140811135524.0
=006  s||\d|||||||0\\\a2
=007  cr\|||||||||||
=008  130823c20uu9999xxu\\\\\o\\j\\\\\\\\eng\\
=FMT  \\$a  CF
=024  7\$astm20130822s$2local
=040  \\$aUk$beng$cUk$erda
=042  \\$aukblsr
=082  04$a599.352$223
=245  00$aRatMine.
=264  \1$a[Milwaukee] :$bMedical College of Wisconsin
=300  \\$a1 online resource
=336  \\$acomputer dataset$2rdacontent
=336  \\$atext$2rdacontent
=337  \\$acomputer$2rdamedia
=338  \\$aonline resource$2rdacarrier
=506  \\$aData are free to access.
=520  3\$aData on the rat (Rattus norvegicus) as a model organism. Covers disease models, genetics, proteomics, phenotype and pathway information. Data can be selected with an advanced query builder, and can also be queried and accessed via an API.
=540  \\$aNot stated.
=584  \\$aAccepting data submissions: No.
=588  \\$aDescription based on version 1 viewed on August 11, 2014; title from database home page.
=650  \0$aRattus norvegicus.
=650  \0$aRattus norvegicus$xGenetics.
=653  \\$aModels, Animal
=653  2\$aModel Organisms
=655  \7$aDataset.$2local
=655  \7$aExperimental data.$2local
=655  \7$aReference data.$2local
=690  7\$aResearch Datasets Collection$2blcoll
=710  2\$aMedical College of Wisconsin.
=856  40$uhttp://ratmine.mcw.edu/ratmine/begin.do$yResearch Datasets Collection
=859  \\$aXLD$bdatasets
=CAT  \\$aRESDATASET$b00$c20130823$lBLL01$h1203
=CAT  \\$a7332$b40$c20140811$lBLL01$h1355
=CAT  \\$aW1606-1753$c20171028$lBLL01$h1352
=FIN  \\$aY$d20140811
=SRC  \\$aBLDatasets$bdatasets20130822.xml
=LAS  \\$aW1606-1753$b00$c20171028$lBLL01$h1352

