=LDR  01763 mi a2200505 i 4500
=001  016480521
=003  Uk
=005  20141126141426.0
=006  s||\d|||||||0\\\a2
=007  cr\|||||||||||
=008  130823c20119999enk\\\\\o\\j\\\\\\\\eng\\
=FMT  \\$a  CF
=024  7\$astm20131208b$2local
=040  \\$aUk$beng$cUk$erda
=042  \\$aukblsr
=082  04$a579.342$223
=245  00$aecoli.sf.net.
=246  3\$aecoli.sourceforge.net
=264  \1$a[Place of publication not identified] :$bSourceforge,$c2011-
=300  \\$a1 online resource
=336  \\$acomputer dataset$2rdacontent
=336  \\$atext$2rdacontent
=337  \\$acomputer$2rdamedia
=338  \\$aonline resource$2rdacarrier
=506  \\$aData are free to access.
=520  3\$aAn annotated metabolic map for Escherichia coli. Full data files are available fore download via SourceForge.
=540  \\$aNot stated.
=584  \\$aAccepting data submissions: No.
=588  \\$aDescription based on version 1.1 viewed on August 11, 2014; title from database home page.
=650  \0$aEscherichia coli$xMetabolism.
=653  \\$aMetabolism
=653  2\$aModel Organisms
=655  \7$aDataset.$2local
=655  \7$aReference data.$2local
=690  7\$aResearch Datasets Collection$2blcoll
=710  2\$aManchester Centre for Integrative Systems Biology.
=856  40$uhttp://ecoli.sourceforge.net/$yResearch Datasets Collection
=859  \\$aXLD$bdatasets
=CAT  \\$aRESDATASET$b00$c20130823$lBLL01$h1203
=CAT  \\$a7332$b40$c20140811$lBLL01$h1111
=CAT  \\$a7332$b40$c20141126$lBLL01$h1414
=CAT  \\$aW1606-1753$c20171028$lBLL01$h1352
=FIN  \\$aY$d20140811
=SRC  \\$aBLDatasets$bdatasets20130822.xml
=LAS  \\$aW1606-1753$b00$c20171028$lBLL01$h1352

