=LDR  01928 mi a2200529 i 4500
=001  016480522
=003  Uk
=005  20140811105106.0
=006  s||\d|||||||0\\\a2
=007  cr\|||||||||||
=008  130823c20uu9999xxc\\\\\o\\j\\\\\\\\eng\\
=FMT  \\$a  CF
=024  7\$astm20131208c$2local
=040  \\$aUk$beng$cUk$erda
=042  \\$aukblsr
=082  04$a579.342$223
=245  00$aE. coli Metabolome Database.
=246  3\$aECMDB
=264  \1$a[Edmonton] :$bUniversity of Alberta
=300  \\$a1 online resource
=336  \\$acomputer dataset$2rdacontent
=336  \\$atext$2rdacontent
=337  \\$acomputer$2rdamedia
=338  \\$aonline resource$2rdacarrier
=506  \\$aData are free to access.
=510  0\$uhttp://dx.doi.org/10.1093/nar/gks992
=520  3\$aProvides data on small molecule metabolites produced by or found in Escherichia coli. Data can be browsed by protein, metabolite, pathway, reaction or class, and searched by keyword.
=540  \\$aNot stated.
=584  \\$aAccepting data submissions: No.
=588  \\$aDescription based on Version 1, viewed on August 11, 2014; title from database home page.
=650  \0$aEscherichia coli$xMetabolism.
=650  \0$aMicrobial metabolites.
=653  \\$aMetabolome
=653  2\$aModel Organisms
=655  \7$aDataset.$2local
=655  \7$aExperimental data.$2local
=690  7\$aResearch Datasets Collection$2blcoll
=710  2\$aUniversity of Alberta.$bDepartment of Computing Science.
=710  2\$aUniversity of Alberta.$bDepartment of Biological Sciences.
=856  40$uhttp://www.ecmdb.ca/$yResearch Datasets Collection
=859  \\$aXLD$bdatasets
=CAT  \\$aRESDATASET$b00$c20130823$lBLL01$h1203
=CAT  \\$a7332$b40$c20140811$lBLL01$h1051
=CAT  \\$aW1606-1753$c20171028$lBLL01$h1352
=FIN  \\$aY$d20140811
=SRC  \\$aBLDatasets$bdatasets20130822.xml
=LAS  \\$aW1606-1753$b00$c20171028$lBLL01$h1352

