=LDR  01787 mi a2200481 i 4500
=001  016480526
=003  Uk
=005  20140811080346.0
=006  s||\d|||||||0\\\a2
=007  cr\|||||||||||
=008  130823c20uu9999xxu\\\\\o\\j\\\\\\\\eng\\
=FMT  \\$a  CF
=024  7\$astm20131208g$2local
=040  \\$aUk$beng$cUk$erda
=042  \\$aukblsr
=082  04$a581.35$223
=245  00$aSummary of Arabidopsis thaliana, Strain col.
=264  \1$a[Menlo Park] :$bSRI International
=300  \\$a1 online resource
=336  \\$acomputer dataset$2rdacontent
=336  \\$atext$2rdacontent
=337  \\$acomputer$2rdamedia
=338  \\$aonline resource$2rdacarrier
=506  \\$aData are free to access.
=520  3\$aGene sequence and protein information for Arabidopsis thaliana. Data can be browsed using a gene viewer or with a map-like cellular overview. Data can be queried using compound, pathway, gene protein or BLAST searches.
=540  \\$aNot stated.
=584  \\$aAccepting data submissions: No.
=588  \\$aDescription based on version 18.1 viewed on August 11, 2014; title from database home page.
=650  \0$aArabidopsis thaliana$xGenetics.
=653  \\$aGenetic Variation
=653  2\$aModel Organisms
=655  \7$aDataset.$2local
=655  \7$aReference data.$2local
=690  7\$aResearch Datasets Collection$2blcoll
=710  2\$aSRI International.
=856  40$uhttp://biocyc.org/ARA/organism-summary?object=ARA$yResearch Datasets Collection
=859  \\$aXLD$bdatasets
=CAT  \\$aRESDATASET$b00$c20130823$lBLL01$h1203
=CAT  \\$a7332$b40$c20140811$lBLL01$h0803
=CAT  \\$aW1606-1753$c20171028$lBLL01$h1352
=FIN  \\$aY$d20140811
=SRC  \\$aBLDatasets$bdatasets20130822.xml
=LAS  \\$aW1606-1753$b00$c20171028$lBLL01$h1352

