=LDR  02035 mi a2200517 i 4500
=001  016480527
=003  Uk
=005  20140806100346.0
=006  s||\d|||||||0\\\a2
=007  cr\|||||||||||
=008  130823c200u9999xxu\\\\\o\\j\\\\\\\\eng\\
=FMT  \\$a  CF
=024  7\$astm20131208h$2local
=040  \\$aUk$beng$cUk$erda
=042  \\$aukblsr
=082  04$a561.99$223
=245  00$aLeishmania major, Strain strain Friedlin.
=264  \1$a[Menlo Park] :$bSRI International
=300  \\$a1 online resource
=336  \\$acomputer dataset$2rdacontent
=336  \\$atext$2rdacontent
=337  \\$acomputer$2rdamedia
=338  \\$aonline resource$2rdacarrier
=506  \\$aData are free to access.
=520  3\$aGene sequence and protein information for Leishmania major. Data can be browsed using a gene viewer or with a map-like cellular overview. Data can be queried using compound, pathway, gene protein or BLAST searches.
=540  \\$aCopyright, Bio21 Molecular Science and Biotechnology Institute, University of Melbourne. All Rights Reserved.
=584  \\$aAccepting data submissions: No.
=588  \\$aDescription based on: Version 18.0 viewed on August 6, 2014; title from database summary page.
=650  \0$aLeishmania$xGenetics.
=650  \0$aLeishmania$xMolecular aspects.
=653  \\$aGenetic Variation
=653  2\$aNeglected Tropical Disease
=655  \7$aDataset.$2local
=655  \7$aReference data.$2local
=690  7\$aResearch Datasets Collection$2blcoll
=710  2\$aBio21 Molecular Science and Biotechnology Institute.
=710  2\$aSRI International.
=856  40$uhttp://biocyc.org/LEISH/organism-summary?object=LEISH$yResearch Datasets Collection
=859  \\$aXLD$bdatasets
=985  \\$a710/1 = new hdg.
=CAT  \\$aRESDATASET$b00$c20130823$lBLL01$h1203
=CAT  \\$a7332$b40$c20140806$lBLL01$h1003
=CAT  \\$aW1606-1753$c20171028$lBLL01$h1352
=FIN  \\$aY$d20140806
=SRC  \\$aBLDatasets$bdatasets20130822.xml
=LAS  \\$aW1606-1753$b00$c20171028$lBLL01$h1352

