=LDR  01841 mi a2200517 i 4500
=001  016480528
=003  Uk
=005  20140807134125.0
=006  s||\d|||||||0\\\a2
=007  cr\|||||||||||
=008  130823c20009999ja\\\\\\o\\j\\\\\\\\eng\\
=FMT  \\$a  CF
=024  7\$astm20131208i$2local
=040  \\$aUk$beng$cUk$erda
=042  \\$aukblsr
=082  04$a579.362$223
=245  00$aDBTBS :$ba database of transcriptional regulation in Bacillus subtilis containing upstream intergenic conservation information.
=264  \1$aTokyo :$bHuman Genome Center, University of Tokyo,$c2000-
=300  \\$a1 online resource
=336  \\$acomputer dataset$2rdacontent
=336  \\$atext$2rdacontent
=337  \\$acomputer$2rdamedia
=338  \\$aonline resource$2rdacarrier
=506  \\$aData are free to access.
=520  3\$aData on transcription factors and operons in Bacillus subtilis.
=540  \\$aNot stated.
=584  \\$aAccepting data submissions: No.
=588  \\$aDescription based on Release 5 viewed on August 7, 2014; title from database home page.
=650  \0$aBacillus subtilis$xGenetics.
=650  \0$aTranscription factors.
=653  \\$aGenetic Variation
=653  \\$aGenetic Processes
=653  2\$aModel Organisms
=655  \7$aDataset.$2local
=655  \7$aExperimental data.$2local
=655  \7$aReference data.$2local
=690  7\$aResearch Datasets Collection$2blcoll
=710  2\$aTōkyō Daigaku.$bHito Genomu Sentā.
=856  40$uhttp://dbtbs.hgc.jp/$yResearch Datasets Collection
=859  \\$aXLD$bdatasets
=CAT  \\$aRESDATASET$b00$c20130823$lBLL01$h1203
=CAT  \\$a7332$b40$c20140807$lBLL01$h1341
=CAT  \\$aW1606-1753$c20171028$lBLL01$h1352
=FIN  \\$aY$d20140807
=SRC  \\$aBLDatasets$bdatasets20130822.xml
=LAS  \\$aW1606-1753$b00$c20171028$lBLL01$h1352

