=LDR  01961 mi a2200541 i 4500
=001  016480529
=003  Uk
=005  20140807113250.0
=006  s||\d|||||||0\\\a2
=007  cr\|||||||||||
=008  130823c20uu9999enk\\\\\o\\j\\\\\\\\eng\\
=FMT  \\$a  CF
=024  7\$astm20131208j$2local
=040  \\$aUk$beng$cUk$erda
=042  \\$aukblsr
=082  04$a597.482$223
=245  00$aZebrafish Mutation Project Knockouts for Disease Models.
=246  3\$aZMP
=264  \1$aHinxton :$bWellcome Trust Sanger Institute
=300  \\$a1 online resource
=336  \\$acomputer dataset$2rdacontent
=336  \\$atext$2rdacontent
=337  \\$acomputer$2rdamedia
=338  \\$aonline resource$2rdacarrier
=506  \\$aData are free to access.
=520  3\$aProvides data on zebrafish (Danio rerio) gene knockout mutants, including the consequences and phenotype of resulting mutants. They also act as a stock centre for these examples.
=540  \\$aNot stated.
=584  \\$aData are generated by the Sanger Institute.
=588  \\$aDescription based on contents viewed on August 7, 2014 ; title from database home page.
=584  \\$aAccepting data submissions: No.
=650  \0$aZebra danio$xGenetics.
=653  \\$aGenetic Variation
=653  \\$aModels, Animal
=653  \\$aPhenotype
=653  2\$aModel Organisms
=655  \7$aDataset.$2local
=655  \7$aExperimental data.$2local
=690  7\$aResearch Datasets Collection$2blcoll
=710  2\$aSanger Institute (Hinxton, England)
=856  40$uhttp://www.sanger.ac.uk/Projects/D_rerio/zmp/$yResearch Datasets Collection
=859  \\$aXLD$bdatasets
=CAT  \\$aRESDATASET$b00$c20130823$lBLL01$h1203
=CAT  \\$a7332$b40$c20140807$lBLL01$h1132
=CAT  \\$aW1606-1753$c20171028$lBLL01$h1352
=CAT  \\$aBATCH-UPD$b00$c20180315$lBLL01$h0025
=FIN  \\$aY$d20140807
=SRC  \\$aBLDatasets$bdatasets20130822.xml
=LAS  \\$aBATCH-UPD$b00$c20180315$lBLL01$h0025

