=LDR  02179 mi a2200577 i 4500
=001  016480530
=003  Uk
=005  20140807111325.0
=006  s||\d|||||||0\\\a2
=007  cr\|||||||||||
=008  130823c20uu9999xxu\\\\\o\\j\\\\\\\\eng\\
=FMT  \\$a  CF
=024  7\$astm20131208k$2local
=040  \\$aUk$beng$cUk$erda
=042  \\$aukblsr
=082  04$a597.482$223
=245  00$aZebrafish Neurophenome Project Database.
=246  3\$aZNP Database
=246  3\$aZebrafish Neurophenome Database
=264  \1$aNew Orleans :$bTulane University Technology Services
=300  \\$a1 online resource
=336  \\$acomputer dataset$2rdacontent
=336  \\$atext$2rdacontent
=337  \\$acomputer$2rdamedia
=338  \\$aonline resource$2rdacarrier
=506  \\$aData are free to access.
=516  \\$atext/html.
=520  3\$aBehavioural and physiological data on zebrafish (Danio rerio). Data is selected by treatment, which then gives the set of experiments applying that treatment. The observed behavioural changes for each treatment is the end result. Data have been supplied by researchers in the field.
=540  \\$aNot stated.
=584  \\$aData are submitted by the research community.
=588  \\$aDescription based on contents viewed on August 7, 2014 ; title from home page.
=584  \\$aAccepting data submissions: Yes.
=650  \0$aZebra danio$xBehavior.
=650  \0$aZebra danio$xPhysiological aspects.
=650  \0$aBioinformatics.
=653  \\$aModels, Animal
=653  \\$aPhysiological Phenomena
=653  2\$aModel Organisms
=655  \7$aDataset.$2local
=655  \7$aExperimental data.$2local
=690  7\$aResearch Datasets Collection$2blcoll
=710  2\$aTulane University.$bTechnology Services.
=856  40$uhttp://www.kaluefflab.com/znpindex.html$yResearch Datasets Collection
=859  \\$aXLD$bdatasets
=985  \\$a710 = new hdg.
=CAT  \\$aRESDATASET$b00$c20130823$lBLL01$h1203
=CAT  \\$a7332$b40$c20140807$lBLL01$h1113
=CAT  \\$aW1606-1753$c20171028$lBLL01$h1352
=FIN  \\$aY$d20140807
=SRC  \\$aBLDatasets$bdatasets20130822.xml
=LAS  \\$aW1606-1753$b00$c20171028$lBLL01$h1352

