=LDR  01945 mi a2200517 i 4500
=001  016480531
=003  Uk
=005  20140807103920.0
=006  s||\d|||||||0\\\a2
=007  cr\|||||||||||
=008  130823c20uu9999enk\\\\\o\\j\\\\\\\\eng\\
=FMT  \\$a  CF
=024  7\$astm20131208l$2local
=040  \\$aUk$beng$cUk$erda
=042  \\$aukblsr
=082  04$a597.482$223
=245  00$aZebrafish Brain Atlas.
=264  \1$aLondon :$bUniversity College London
=300  \\$a1 online resource
=336  \\$acomputer dataset$2rdacontent
=336  \\$atext$2rdacontent
=337  \\$acomputer$2rdamedia
=338  \\$aonline resource$2rdacarrier
=506  \\$aData are free to access.
=516  \\$aStreamed video; image/jpeg.
=520  3\$aAn anatomical atlas of the developing zebrafish (Danio rerio) brain. Data were generated by high resolution confocal imaging, which has been processed into 3D and 4D visualisations. Anatomy is highlighted using a combination of transgenes and antibodies. There are plans to make the data available via an API.
=540  \\$aNot stated.
=584  \\$aAccepting data submissions: No.
=588  \\$aDescription based on contents viewed on August 7, 2014 ; title from home page.
=650  \0$aZebra danio$xAnatomy$vAtlases.
=650  \0$aBrain$xAnatomy$vAtlases.
=653  \\$aModels, Animal
=653  \\$aNeural Pathways
=653  2\$aModel Organisms
=655  \7$aDataset.$2local
=655  \7$aReference data.$2local
=690  7\$aResearch Datasets Collection$2blcoll
=710  2\$aUniversity College, London.
=856  40$uhttp://zebrafishbrain.org/$yResearch Datasets Collection
=859  \\$aXLD$bdatasets
=CAT  \\$aRESDATASET$b00$c20130823$lBLL01$h1203
=CAT  \\$a7332$b40$c20140807$lBLL01$h1039
=CAT  \\$aW1606-1753$c20171028$lBLL01$h1352
=FIN  \\$aY$d20140807
=SRC  \\$aBLDatasets$bdatasets20130822.xml
=LAS  \\$aW1606-1753$b00$c20171028$lBLL01$h1352

