=LDR  02044 mi a2200529 i 4500
=001  016480532
=003  Uk
=005  20140807101740.0
=006  s||\d|||||||0\\\a2
=007  cr\|||||||||||
=008  130823c20uu9999gw\\\\\\o\\j\\\\\\\\eng\\
=FMT  \\$a  CF
=024  7\$astm20131208m$2local
=040  \\$aUk$beng$cUk$erda
=042  \\$aukblsr
=082  04$a597.482$223
=245  00$aViBE-Z :$bVirtual Brain Explorer for Zebrafish.
=246  3\$aVirtual Brain Explorer for Zebrafish
=264  \1$a[Freiburg] :$bUniversity of Freiburg
=300  \\$a1 online resource
=336  \\$acomputer dataset$2rdacontent
=336  \\$atext$2rdacontent
=337  \\$acomputer$2rdamedia
=338  \\$aonline resource$2rdacarrier
=506  \\$aUsers must apply for access to data.
=516  \\$aHDF5.
=520  3\$aA database and webservice providing high resolution anatomy and gene expression patterns for zebrafish (Danio rerio) embryos at 72, 48 and 96 hours post fertilisation. These data are provided for researchers to align with their own images data. The data can be accessed and visualised using ImageJ and MATLAB.
=540  \\$aNot stated.
=584  \\$aAccepting data submissions: No.
=588  \\$aDescription based on update 12.9.2013 viewed on August 7, 2014; title from database home page.
=650  \0$aZebra danio$xGenetics.
=650  \0$aZebra danio$xAnatomy.
=653  \\$aModels, Animal
=653  2\$aModel Organisms
=655  \7$aDataset.$2local
=655  \7$aReference data.$2local
=655  \7$aRecordings.$2local
=690  7\$aResearch Datasets Collection$2blcoll
=710  2\$aUniversität Freiburg im Breisgau.
=856  40$uhttp://vibez.informatik.uni-freiburg.de/$yResearch Datasets Collection
=859  \\$aXLD$bdatasets
=CAT  \\$aRESDATASET$b00$c20130823$lBLL01$h1203
=CAT  \\$a7332$b40$c20140807$lBLL01$h1017
=CAT  \\$aW1606-1753$c20171028$lBLL01$h1352
=FIN  \\$aY$d20140807
=SRC  \\$aBLDatasets$bdatasets20130822.xml
=LAS  \\$aW1606-1753$b00$c20171028$lBLL01$h1352

