=LDR  01792 mi a2200541 i 4500
=001  016480533
=003  Uk
=005  20140807090102.0
=006  s||\d|||||||0\\\a2
=007  cr\|||||||||||
=008  130823c20079999xxu\\\\\o\\j\\\\\\\\eng\\
=FMT  \\$a  CF
=024  7\$astm20131208n$2local
=040  \\$aUk$beng$cUk$erda
=042  \\$aukblsr
=082  04$a595.32$223
=245  00$awFleaBase.
=264  \1$aBloomington, IN :$bIndiana University,$c2007-
=300  \\$a1 online resource
=336  \\$acomputer dataset$2rdacontent
=336  \\$atext$2rdacontent
=337  \\$acomputer$2rdamedia
=338  \\$aonline resource$2rdacarrier
=506  \\$aData are free to access.
=520  3\$aGenetic and genomic data for water flea (Daphnia) species.
=540  \\$aPortions of wFleaBase are copyrighted separately.
=584  \\$aData are generated by the research community.
=588  \\$aDescription based on: ; title from (viewed on ).
=584  \\$aAccepting data submissions: No.
=650  \0$aDaphnia$xGenome mapping.
=650  \0$aDaphnia$xGenetics.
=653  \\$aGenetic Variation
=653  2\$aModel Organisms
=655  \7$aDataset.$2local
=655  \7$aReference data.$2local
=690  7\$aResearch Datasets Collection$2blcoll
=710  2\$aDaphnia Genomics Consortium.
=710  2\$aJoint Genome Institute.
=710  2\$aIndiana University.
=856  40$uhttp://wfleabase.org/$yResearch Datasets Collection
=859  \\$aXLD$bdatasets
=985  \\$a710/1 and 710/2 = new hdgs.
=CAT  \\$aRESDATASET$b00$c20130823$lBLL01$h1203
=CAT  \\$a7332$b40$c20140807$lBLL01$h0901
=CAT  \\$aW1606-1753$c20171028$lBLL01$h1352
=FIN  \\$aY$d20140807
=SRC  \\$aBLDatasets$bdatasets20130822.xml
=LAS  \\$aW1606-1753$b00$c20171028$lBLL01$h1352

