=LDR  01915 mi a2200505 i 4500
=001  016480534
=003  Uk
=005  20140806145052.0
=006  s||\d|||||||0\\\a2
=007  cr\|||||||||||
=008  130823c20029999xxu\\\\\o\\j\\\\\\\\eng\\
=FMT  \\$a  CF
=024  7\$astm20131208o$2local
=040  \\$aUk$beng$cUk$erda
=042  \\$aukblsr
=082  04$a572.6$223
=245  00$aKinbase.
=264  \1$a[La Jolla] :$bSalk Institute,$c2002-
=300  \\$a1 online resource
=336  \\$acomputer dataset$2rdacontent
=336  \\$atext$2rdacontent
=337  \\$acomputer$2rdamedia
=338  \\$aonline resource$2rdacarrier
=506  \\$aData are free to access.
=516  \\$atext/html.
=520  3\$aAnnotated human and model species kinase genes. Model species include mouse (Mus musculus), yeast (Saccharomyces cerevisiae), Dictyostelium, sea urchin (Strongylocentrotus purpuratus), fruit fly (Drosophila melanogaster) and nematode worm (Caenorhabditis elegans). Data can be queried by name, domain and classification.
=540  \\$aNot stated.
=584  \\$aAccepting data submissions: No.
=588  \\$aDescription based on contents viewed on August 6, 2014; title from database home page.
=650  \0$aProtein kinases$xGenetic aspects.
=653  \\$aCell Physiological Processes
=653  \\$aProteins
=653  2\$aModel Organisms
=655  \7$aDataset.$2local
=655  \7$aExperimental data.$2local
=690  7\$aResearch Datasets Collection$2blcoll
=710  2\$aSalk Institute for Biological Studies.
=856  40$uhttp://kinase.com/kinbase/$yResearch Datasets Collection
=859  \\$aXLD$bdatasets
=CAT  \\$aRESDATASET$b00$c20130823$lBLL01$h1203
=CAT  \\$a7332$b40$c20140806$lBLL01$h1450
=CAT  \\$aW1606-1753$c20171028$lBLL01$h1352
=FIN  \\$aY$d20140806
=SRC  \\$aBLDatasets$bdatasets20130822.xml
=LAS  \\$aW1606-1753$b00$c20171028$lBLL01$h1352

