=LDR  01693 mi a2200517 i 4500
=001  016480536
=003  Uk
=005  20140806112105.0
=006  s||\d|||||||0\\\a2
=007  cr\|||||||||||
=008  130823c20029999si\\\\\\o\\j\\\\\\\\eng\\
=FMT  \\$a  CF
=024  7\$astm20131208q$2local
=040  \\$aUk$beng$cUk$erda
=042  \\$aukblsr
=082  04$a597.165$223
=245  00$aFugu Genome Project.
=264  \1$aSingapore :$bInstitute of Molecular and Cell Biology,$c2002-
=300  \\$a1 online resource
=336  \\$acomputer dataset$2rdacontent
=336  \\$atext$2rdacontent
=337  \\$acomputer$2rdamedia
=338  \\$aonline resource$2rdacarrier
=506  \\$aData are free to access.
=516  \\$atext/html.
=540  \\$aNot stated.
=584  \\$aAccepting data submissions: No.
=588  \\$aDescription based on: Version 5 viewed on August 6, 2014; title from database home page.
=650  \0$aFugu$xGenome mapping.
=650  \0$aFugu$xGenetics.
=653  \\$aModels, Animal
=653  \\$aGenetic Variation
=653  2\$aModel Organisms
=655  \7$aDataset.$2local
=655  \7$aExperimental data.$2local
=655  \7$aReference data.$2local
=690  7\$aResearch Datasets Collection$2blcoll
=710  1\$aSingapore.$bInstitute of Molecular and Cell Biology.
=856  40$uhttp://www.fugu-sg.org/index.html$yResearch Datasets Collection
=859  \\$aXLD$bdatasets
=CAT  \\$aRESDATASET$b00$c20130823$lBLL01$h1203
=CAT  \\$a7332$b40$c20140806$lBLL01$h1121
=CAT  \\$aW1606-1753$c20171028$lBLL01$h1352
=FIN  \\$aY$d20140806
=SRC  \\$aBLDatasets$bdatasets20130822.xml
=LAS  \\$aW1606-1753$b00$c20171028$lBLL01$h1352

