=LDR  02301 mi a2200541 i 4500
=001  016480537
=003  Uk
=005  20140826131557.0
=006  s||\d|||||||0\\\a2
=007  cr\|||||||||||
=008  130823c20uu9999dk\\\\\\o\\j\\\\\\\\eng\\
=FMT  \\$a  CF
=024  7\$astm20100128k$2local
=040  \\$aUk$beng$cUk$erda
=042  \\$aukblsr
=082  04$a577.7$223
=245  00$aICES DATA PORTAL.
=264  \1$aCopenhagen :$bInternational Council for the Exploration of the Sea
=300  \\$a1 online resource
=336  \\$acomputer dataset$2rdacontent
=336  \\$atext$2rdacontent
=337  \\$acomputer$2rdamedia
=338  \\$aonline resource$2rdacarrier
=506  \\$aSome data are restricted/sensitive.
=516  \\$aESRI shapefile; application/zip; application/vnd.google-earth.kml+xml.
=520  3\$aData can be browsed and refined by a combination of area, data type and species; and can also be further refined by spatial range and parameters. Data includes biological communities, contaminants, eggs and larvae, fish predation, fish trawl surveys, historical plankton records and oceanographic parameters. Data can be visualised in map layers that can then be downloaded.
=540  \\$aNot stated.
=584  \\$aData are generated and submitted by ICES member countries.
=588  \\$aDescription based on contents viewed on August 26, 2014 ; title from database Web page.
=584  \\$aAccepting data submissions: No.
=650  \0$aOceanography$vDatabases.
=650  \0$aMarine ecology$vDatabases.
=653  \\$aOceans > Ocean Temperature > Sea Surface Temperature
=653  2\$aLiving With Environmental Change
=653  2\$aFood security
=655  \7$aDataset.$2local
=655  \7$aLongitudinal data.$2local
=690  7\$aResearch Datasets Collection$2blcoll
=710  2\$aInternational Council for the Exploration of the Sea.
=856  40$uhttp://ecosystemdata.ices.dk/$yResearch Datasets Collection
=859  \\$aXLD$bdatasets
=CAT  \\$aRESDATASET$b00$c20130823$lBLL01$h1203
=CAT  \\$a7332$b40$c20131002$lBLL01$h0850
=CAT  \\$a7332$b40$c20140826$lBLL01$h1315
=CAT  \\$aW1606-1753$c20171028$lBLL01$h1352
=FIN  \\$aY$d20140826
=SRC  \\$aBLDatasets$bdatasets20130822.xml
=LAS  \\$aW1606-1753$b00$c20171028$lBLL01$h1352

