=LDR  02335 mi a2200541 i 4500
=001  016480538
=003  Uk
=005  20140908111250.0
=006  s||\d|||||||0\\\a2
=007  cr\|||||||||||
=008  130823c20uu9999xxc\\\\\o\\j\\\\\\\\eng\\
=FMT  \\$a  CF
=024  7\$astm20110804c$2local
=040  \\$aUk$beng$cUk$erda
=042  \\$aukblsr
=082  04$a551.4618$223
=245  00$aSATURN Observation Network :$bEndurance Stations.
=264  \1$a[Portland] :$bCenter for Coastal Margin Observation & Prediction
=300  \\$a1 online resource
=336  \\$acomputer dataset$2rdacontent
=336  \\$atext$2rdacontent
=337  \\$acomputer$2rdamedia
=338  \\$aonline resource$2rdacarrier
=506  \\$aData are free to access.
=516  \\$aapplication/msexcel; text/csv.
=520  3\$aThis site provides real-time and validated historical data from observing stations in the Columbia River estuary. Physical and biogeochemical data includes salinity, temperature, dissolved oxygen, turbidity, organic matter and chlorophyll. Data can be selected by station, then parameter and date. Data is downloaded in monthly sets.
=540  \\$aNot stated.
=584  \\$aAccepting data submissions: No.
=588  \\$aDescription based on contents viewed on September 8, 2014 ; title from database home page.
=522  \\$aColumbia river basin.
=650  \0$aBiogeochemistry$vObservations$zColumbia River Estuary (Or. and Wash.)
=650  \0$aHydrology$vObservations$zColumbia River Estuary (Or. and Wash.)
=651  \0$aColumbia River Estuary (Or. and Wash.)$vObservations.
=653  2\$aLiving With Environmental Change
=655  \7$aDataset.$2local
=655  \7$aObservational data.$2local
=690  7\$aResearch Datasets Collection$2blcoll
=710  2\$aCenter for Coastal Margin Observation & Prediction.
=710  2\$aScience and Technology University Research Network.
=856  40$uhttp://www.stccmop.org/datamart/observation_network$yResearch Datasets Collection
=859  \\$aXLD$bdatasets
=985  \\$a710/2 = new hdg.
=CAT  \\$aRESDATASET$b00$c20130823$lBLL01$h1203
=CAT  \\$a7332$b40$c20140908$lBLL01$h1112
=CAT  \\$aW1606-1753$c20171028$lBLL01$h1352
=FIN  \\$aY$d20140908
=SRC  \\$aBLDatasets$bdatasets20130822.xml
=LAS  \\$aW1606-1753$b00$c20171028$lBLL01$h1352

