=LDR  01678 mi a2200493 i 4500
=001  016480542
=003  Uk
=005  20140828104044.0
=006  s||\d|||||||0\\\a2
=007  cr\|||||||||||
=008  130823c200u9999at\\\\\\o\\j\\\\\\\\eng\\
=FMT  \\$a  CF
=024  7\$astm20120628e$2local
=040  \\$aUk$beng$cUk$erda
=042  \\$aukblsr
=082  04$a550$223
=245  00$aEarth Monitoring and Reference Systems - Data.
=264  \1$aCanberra :$bGeoscience Australia
=300  \\$a1 online resource
=336  \\$acomputer dataset$2rdacontent
=336  \\$atext$2rdacontent
=337  \\$acomputer$2rdamedia
=338  \\$aonline resource$2rdacarrier
=506  \\$aData are free to access.
=516  \\$aASCII.
=520  3\$aEarth monitoring data produced by Geoscience Australia.
=540  \\$aA version of Science or Creative Commons.
=584  \\$aAccepting data submissions: No.
=588  \\$aDescription based on contents viewed on August 28, 2014 ; title from database home page.
=522  \\$aAustralia (nation).
=650  \0$aEarth sciences$vDatabases.
=653  2\$aLiving With Environmental Change
=655  \7$aDataset.$2local
=655  \7$aObservational data.$2local
=690  7\$aResearch Datasets Collection$2blcoll
=710  2\$aGeoscience Australia.
=856  40$uhttp://www.ga.gov.au/cedda/data/46$yResearch Datasets Collection
=859  \\$aXLD$bdatasets
=CAT  \\$aRESDATASET$b00$c20130823$lBLL01$h1203
=CAT  \\$a7332$b40$c20140828$lBLL01$h1040
=CAT  \\$aW1606-1753$c20171028$lBLL01$h1352
=FIN  \\$aY$d20140828
=SRC  \\$aBLDatasets$bdatasets20130822.xml
=LAS  \\$aW1606-1753$b00$c20171028$lBLL01$h1352

