=LDR  02038 mi a2200565 i 4500
=001  016480544
=003  Uk
=005  20140806075709.0
=006  s||\d|||||||0\\\a2
=007  cr\|||||||||||
=008  130823c20uu9999enk\\\\\o\\j\\\\\\\\eng\\
=FMT  \\$a  CF
=024  7\$astm20121221a$2local
=040  \\$aUk$beng$cUk$erda
=042  \\$aukblsr
=082  04$a579.47072$223
=245  00$aLibrary of Apicomplexan Metabolic Pathways.
=246  3\$aLAMP
=264  \1$aLiverpool :$bUniversity of Liverpool
=300  \\$a1 online resource
=336  \\$acomputer dataset$2rdacontent
=336  \\$atext$2rdacontent
=337  \\$acomputer$2rdamedia
=338  \\$aonline resource$2rdacarrier
=506  \\$aData are free to access.
=510  0\$uhttp://dx.doi.org/10.1093/nar/gks1139
=516  \\$atext/html.
=520  3\$aProvides information about the metabolic pathways of Apicomplexan parasites, covering: Toxoplasma gondii, Neospora canium, Babesia bovis, Cryptosporidium hominis, C. muris, C. parvum, Theileria annulata and T. parva.
=540  \\$aNot stated.
=584  \\$aAccepting data submissions: No.
=588  \\$aDescription based on contents viewed on August 6, 2014: ; title from database home page.
=650  \0$aApicomplexa$xMetabolism.
=653  \\$aParasitic Diseases, Animal
=653  2\$aNeglected Tropical Disease
=655  \7$aDataset.$2local
=655  \7$aExperimental data.$2local
=690  7\$aResearch Datasets Collection$2blcoll
=700  1\$aShanmugasundram, Achchuthan.
=700  1\$aJones, Andrew R.$c(Biologist)
=700  1\$aVasieva, Olga.
=710  2\$aUniversity of Liverpool.
=856  40$uhttp://www.llamp.net/$yResearch Datasets Collection
=859  \\$aXLD$bdatasets
=985  \\$a700s = new hdgs.
=CAT  \\$aRESDATASET$b00$c20130823$lBLL01$h1203
=CAT  \\$a7332$b40$c20140806$lBLL01$h0757
=CAT  \\$aW1606-1753$c20171028$lBLL01$h1352
=FIN  \\$aY$d20140806
=SRC  \\$aBLDatasets$bdatasets20130822.xml
=LAS  \\$aW1606-1753$b00$c20171028$lBLL01$h1352

