=LDR  01947 mi a2200517 i 4500
=001  016834899
=003  Uk
=005  20141023100616.0
=006  s||\d|||||||0\\\a2
=007  cr\|||||||||||
=008  140822c20uu9999bl\\\\\\o\\j\\\\\\\\eng\\
=FMT  \\$a  CF
=024  7\$astm20131114d$2local
=040  \\$aUk$beng$cUk$erda
=042  \\$aukblsr
=082  04$a598.625072$223
=245  00$aEimeria Transcript Database.
=246  3\$aEimeriaTDB
=264  \1$aSao Paolo :$bInstitute of Biomedical Sciences, University of Sao Paolo
=300  \\$a1 online resource
=336  \\$acomputer dataset$2rdacontent
=336  \\$atext$2rdacontent
=337  \\$acomputer$2rdamedia
=338  \\$aonline resource$2rdacarrier
=506  \\$aData are free to access.
=510  0\$uhttp://dx.doi.org/10.1093/database/bat006
=516  \\$atext/html.
=520  3\$aEimeria is an important parasite of poultry and this data base contains data on Eimeria cDNA. Data can be searched by keyword or BLAST. Full nucleotide and amino acid sequences can be downloaded.
=540  \\$aNot stated.
=584  \\$aAccepting data submissions: No.
=588  \\$aDescription based on version 1.1 viewed on October 23, 2014; title from database home page.
=650  \0$aEimeria$xGenetics$vDatabases.
=653  \\$aParasitic Diseases, Animal
=653  2\$aFood security
=655  \7$aDataset.$2local
=655  \7$aExperimental data.$2local
=690  7\$aResearch Datasets Collection$2blcoll
=710  2\$aUniversidade de São Paulo.$bInstitute of Biomedical Sciences.
=856  40$uhttp://www.coccidia.icb.usp.br/eimeriatdb/$yResearch Datasets Collection
=859  \\$aXLD$bdatasets
=CAT  \\$aRESDATASET$b00$c20140822$lBLL01$h1346
=CAT  \\$a7332$b40$c20141023$lBLL01$h1006
=CAT  \\$aW1606-1753$c20171028$lBLL01$h1603
=FIN  \\$aY$d20141023
=SRC  \\$aBLDatasets$bdatasets20140822.xml
=LAS  \\$aW1606-1753$b00$c20171028$lBLL01$h1603

