=LDR  02000 mi a2200553 i 4500
=001  016834900
=003  Uk
=005  20141023083739.0
=006  s||\d|||||||0\\\a2
=007  cr\|||||||||||
=008  140822c20uu9999fr\\\\\\o\\j\\\\\\\\eng\\
=FMT  \\$a  CF
=024  7\$astm20131114e$2local
=040  \\$aUk$beng$cUk$erda
=042  \\$aukblsr
=082  04$a636.085$223
=245  00$aFeedipedia :$bAnimal feed resources information system.
=264  \1$a[France] :$bFeedipedia
=300  \\$a1 online resource
=336  \\$acomputer dataset$2rdacontent
=336  \\$atext$2rdacontent
=337  \\$acomputer$2rdamedia
=338  \\$aonline resource$2rdacarrier
=506  \\$aData are free to access.
=516  \\$atest/html.
=520  3\$aData on animal feeds covering the chemical composition and nutritional value. Data is selected by feed name.
=540  \\$aNot stated.
=584  \\$aData were extracted form the literature and collected by the creators.
=588  \\$aDescription based on contents viewed on October 23, 2014; title from database home page.
=584  \\$aAccepting data submissions: No.
=650  \0$aFeeds$vDatabases.
=653  \\$aAnimal Nutrition
=653  \\$aFeed Composition
=653  2\$aFood security
=655  \7$aDataset.$2local
=655  \7$aReference data.$2local
=655  \7$aExperimental data.$2local
=690  7\$aResearch Datasets Collection$2blcoll
=710  2\$aInstitut national de la recherche agronomique (France)
=710  2\$aCIRAD (Organization)
=710  2\$aFood and Agriculture Organization of the United Nations.
=856  40$uhttp://www.feedipedia.org/$yResearch Datasets Collection$yResearch Datasets Collection
=859  \\$aXLD$bdatasets
=CAT  \\$aRESDATASET$b00$c20140822$lBLL01$h1346
=CAT  \\$a7332$b40$c20141023$lBLL01$h0837
=CAT  \\$aW1606-1753$c20171028$lBLL01$h1603
=FIN  \\$aY$d20141023
=SRC  \\$aBLDatasets$bdatasets20140822.xml
=LAS  \\$aW1606-1753$b00$c20171028$lBLL01$h1603

