=LDR  02101 mi a2200553 i 4500
=001  016834901
=003  Uk
=005  20141202105617.0
=006  s||\d|||||||0\\\a2
=007  cr\|||||||||||
=008  140822c20uu9999xx\\\\\\o\\j\\\\\\\\eng\\
=FMT  \\$a  CF
=024  7\$astm20131119b$2local
=040  \\$aUk$beng$cUk$erda
=042  \\$aukblsr
=082  04$a616.027333$223
=245  00$aCreZOO.
=264  \1$a[Place of publication not identified] :$bCoordination of resources for conditional expression of mutated mouse alleles project
=300  \\$a1 online resource
=336  \\$acomputer dataset$2rdacontent
=336  \\$atext$2rdacontent
=337  \\$acomputer$2rdamedia
=338  \\$aonline resource$2rdacarrier
=506  \\$aData are free to access.
=510  0\$uhttp://dx.doi.org/10.1093/database/bas029
=516  \\$atext/html.
=520  3\$aA database of Cre driver mouse strains. Provides gene and allele information on each, covering promoters, expressed genes, allele information and specificity. Data can be selected by mouse strain or allele.
=540  \\$aNot stated.
=584  \\$aData is curated from the literature.
=588  \\$aDescription based on contents viewed on December 2, 2014; title from home page.
=584  \\$aAccepting data submissions: No.
=650  \0$aMice$xGenetics.
=653  \\$aAnimal Experimentation
=653  \\$aModels, Animal
=653  2\$aModel Organisms
=655  \7$aDataset.$2local
=655  \7$aExperimental data.$2local
=655  \7$aSuppliers/Materials.$2local
=690  7\$aResearch Datasets Collection$2blcoll
=710  2\$aCoordination of resources for conditional expression of mutated mouse alleles (Project)
=856  40$uhttp://www.crezoo.org/$yResearch Datasets Collection
=859  \\$aXLD$bdatasets
=985  \\$a710 = new hdg.
=CAT  \\$aRESDATASET$b00$c20140822$lBLL01$h1346
=CAT  \\$a7332$b40$c20141202$lBLL01$h1056
=CAT  \\$aW1606-1753$c20171028$lBLL01$h1603
=FIN  \\$aY$d20141202
=SRC  \\$aBLDatasets$bdatasets20140822.xml
=LAS  \\$aW1606-1753$b00$c20171028$lBLL01$h1603

