=LDR  02141 mi a2200541 i 4500
=001  016834902
=003  Uk
=005  20141023083759.0
=006  s||\d|||||||0\\\a2
=007  cr\|||||||||||
=008  140822c20uu9999xxu\\\\\o\\j\\\\\\\\eng\\
=FMT  \\$a  CF
=024  7\$astm20131119c$2local
=040  \\$aUk$beng$cUk$erda
=042  \\$aukblsr
=082  04$a592.57072$223
=245  00$aNematode.net.
=264  \1$a[St Louis] :$bWashington University in St Louis School of Medicine
=300  \\$a1 online resource
=336  \\$acomputer dataset$2rdacontent
=336  \\$atext$2rdacontent
=337  \\$acomputer$2rdamedia
=338  \\$aonline resource$2rdacarrier
=506  \\$aData are free to access.
=516  \\$atext/html.
=520  3\$aGene and expression data for parasitic round worms, including those causing neglected tropical diseases (such as Onchocerca volvus, Schistosoma japonicum, S. mansoni and Brugia malayi). Also includes the model organism Caenorhabditis elegans. Browse to data type of interest, then search using keywords.
=540  \\$aNot stated.
=584  \\$aAccepting data submissions: No.
=588  \\$aDescription based on version 4.0 viewed on October 23, 2014; title from database home page.
=650  \0$aNematodes$vDatabases.
=650  \0$aNematodes$xGenetics$vDatabases.
=653  \\$aGenetic Variation
=653  2\$aNeglected Tropical Disease
=655  \7$aDataset.$2local
=655  \7$aExperimental data.$2local
=690  7\$aResearch Datasets Collection$2blcoll
=710  2\$aWashington University (Saint Louis, Mo.).$bSchool of Medicine.
=710  2\$aGenome Institute at Washington University.
=856  40$uhttp://nematode.net/$yResearch Datasets Collection$yResearch Datasets Collection
=859  \\$aXLD$bdatasets
=985  \\$a710/2 = new hdg.
=CAT  \\$aRESDATASET$b00$c20140822$lBLL01$h1346
=CAT  \\$a7332$b40$c20141023$lBLL01$h0757
=CAT  \\$a7332$b40$c20141023$lBLL01$h0837
=CAT  \\$aW1606-1753$c20171028$lBLL01$h1603
=FIN  \\$aY$d20141023
=SRC  \\$aBLDatasets$bdatasets20140822.xml
=LAS  \\$aW1606-1753$b00$c20171028$lBLL01$h1603

