=LDR  02147 mi a2200541 i 4500
=001  016834903
=003  Uk
=005  20141028085810.0
=006  s||\d|||||||0\\\a2
=007  cr\|||||||||||
=008  140822c20uu9999stk\\\\\o\\j\\\\\\\\eng\\
=FMT  \\$a  CF
=024  7\$astm20131119d$2local
=040  \\$aUk$beng$cUk$erda
=042  \\$aukblsr
=082  04$a592.57072$223
=245  00$aNEMBASE4.
=264  \1$aEdinburgh :$bUniversity of Edinburgh
=300  \\$a1 online resource
=336  \\$acomputer dataset$2rdacontent
=336  \\$atext$2rdacontent
=337  \\$acomputer$2rdamedia
=338  \\$aonline resource$2rdacarrier
=506  \\$aData are free to access.
=516  \\$atext/plain.
=520  3\$aNematode transcriptome database. Data can be searched by sequence ID, domain, lifecycle stage, annotation, sex dependant EST expression and BLAST. Data can also be identified by browsing protein tribes. There are data from over 60 nematode species, including the model organism Caenorhabditis elegans and tropical parasites such as Brugia malayi and Onchocerca volvulus. Clusters can be downloaded by species.
=540  \\$aNot stated.
=584  \\$aData are extracted form the literature.
=588  \\$aDescription based on contents viewed on October 28, 2014; title from database home page.
=584  \\$aAccepting data submissions: No.
=650  \0$aNematodes$vDatabases.
=650  \0$aNematodes$xGenetics$vDatabases.
=653  \\$aModels, Animal
=653  \\$aBiochemical phenomena
=653  2\$aNeglected Tropical Disease
=655  \7$aDataset.$2local
=655  \7$aExperimental data.$2local
=655  \7$aReference data.$2local
=690  7\$aResearch Datasets Collection$2blcoll
=710  2\$aUniversity of Edinburgh.
=856  40$uhttp://www.nematodes.org/nembase4/$yResearch Datasets Collection
=859  \\$aXLD$bdatasets
=CAT  \\$aRESDATASET$b00$c20140822$lBLL01$h1346
=CAT  \\$a7332$b40$c20141028$lBLL01$h0858
=CAT  \\$aW1606-1753$c20171028$lBLL01$h1603
=FIN  \\$aY$d20141028
=SRC  \\$aBLDatasets$bdatasets20140822.xml
=LAS  \\$aW1606-1753$b00$c20171028$lBLL01$h1603

