=LDR  01961 mi a2200541 i 4500
=001  016834904
=003  Uk
=005  20141023083735.0
=006  s||\d|||||||0\\\a2
=007  cr\|||||||||||
=008  140822c20uu9999xxu\\\\\o\\j\\\\\\\\eng\\
=FMT  \\$a  CF
=024  7\$astm20131119e$2local
=040  \\$aUk$beng$cUk$erda
=042  \\$aukblsr
=082  04$a579.563072$223
=245  00$aYeastMine.
=264  \1$aStanford :$bStanford University
=300  \\$a1 online resource
=336  \\$acomputer dataset$2rdacontent
=336  \\$atext$2rdacontent
=337  \\$acomputer$2rdamedia
=338  \\$aonline resource$2rdacarrier
=506  \\$aData are free to access.
=516  \\$atext/html.
=520  3\$aYeast genetic and genomic data, derived from SGD, but made available in YeastMine with more powerful search, analysis and data mining tools made available by InterMine.
=540  \\$aNot stated.
=584  \\$aData are provided by the SGD.
=588  \\$aDescription based on contents viewed on October 23, 2014; title from database home page.
=584  \\$aAccepting data submissions: No.
=650  \0$aSaccharomyces cerevisiae$xGenetics$vDatabases.
=653  \\$aGenetic Variation
=653  \\$aModels, Theoretical
=653  2\$aModel Organisms
=655  \7$aDataset.$2local
=655  \7$aExperimental data.$2local
=690  7\$aResearch Datasets Collection$2blcoll
=710  2\$aStanford University.
=710  2\$aCambridge Systems Biology Centre.
=856  40$uhttp://yeastmine.yeastgenome.org/yeastmine/begin.do$yResearch Datasets Collection$yResearch Datasets Collection
=859  \\$aXLD$bdatasets
=CAT  \\$aRESDATASET$b00$c20140822$lBLL01$h1346
=CAT  \\$a7332$b40$c20141023$lBLL01$h0806
=CAT  \\$a7332$b40$c20141023$lBLL01$h0837
=CAT  \\$aW1606-1753$c20171028$lBLL01$h1603
=FIN  \\$aY$d20141023
=SRC  \\$aBLDatasets$bdatasets20140822.xml
=LAS  \\$aW1606-1753$b00$c20171028$lBLL01$h1603

