=LDR  01719 ai a22004335a 4500
=001  016834905
=003  Uk
=005  20140822134620.0
=006  s||\d|||||||0\\\a2
=007  cr\|||||||||||
=008  \\\\\\c\\\\9999\\\\\\\|o\\j\|\\\\\\eng\\
=FMT  \\$a  SE
=024  7\$astm20131119f$2local
=245  00$aHAEMCODE
=260  \\$bCambridge Stem Cell Institute
=336  \\$acomputer dataset$2rdacontent
=336  \\$atext$2rdacontent
=337  \\$acomputer$2rdamedia
=338  \\$aonline resource$2rdacarrier
=506  \\$aData are free to access.
=516  \\$atext/csv; application/pdf; application/msexcel.
=520  \\$aFunctional genetics of haematopoiesis. ChIP-Seq experiment data can be browsed by experiment. Genome browser tracks or the full data can be downloaded. Experiments can also be searched by transcription factor, cell type or gene.
=540  \\$aNot stated.
=584  \\$aData are from online public repositories such as GEO and ArrayExpress repositories, then curated and processed by the HAEMCODE team.
=584  \\$aAccepting data submissions: No.
=653  \\$aCell Physiological Processes.
=653  \\$aModels, Animal.
=653  2\$aModel Organisms
=655  \7$aDataset.$2local
=655  \7$aExperimental data.$2local
=690  7\$aResearch Datasets Collection$2blcoll
=710  2\$aCambridge Stem Cell Institute.
=856  40$uhttp://haemcode.stemcells.cam.ac.uk/$yResearch Datasets Collection
=859  \\$aXLD$bdatasets
=CAT  \\$aRESDATASET$b00$c20140822$lBLL01$h1346
=CAT  \\$aW1606-1753$c20171028$lBLL01$h1603
=CAT  \\$aBATCH-UPD$b00$c20190102$lBLL01$h1211
=SRC  \\$aBLDatasets$bdatasets20140822.xml
=LAS  \\$aBATCH-UPD$b00$c20190102$lBLL01$h1211

