=LDR  02116 mi a2200529 i 4500
=001  016834906
=003  Uk
=005  20141023132721.0
=006  s||\d|||||||0\\\a2
=007  cr\|||||||||||
=008  140822c20uu9999po\\\\\\o\\j\\\\\\\\eng\\
=FMT  \\$a  CF
=024  7\$astm20131119g$2local
=040  \\$aUk$beng$cUk$erda
=042  \\$aukblsr
=082  04$a572.869$223
=245  00$aMitoBreak :$bthe mitochondrial DNA breakpoints database.
=264  \1$aPorto :$bUniversity of Porto
=300  \\$a1 online resource
=336  \\$acomputer dataset$2rdacontent
=336  \\$atext$2rdacontent
=337  \\$acomputer$2rdamedia
=338  \\$aonline resource$2rdacarrier
=506  \\$aData are free to access.
=510  0\$uhttp://dx.doi.org/10.1093/nar/gkt982
=516  \\$aapplication/msexcel; text/csv.
=520  3\$aDatabase of mitochondrial DNA rearrangements. Data cover human and model organism mitochondrial data (mouse, rat, macaque (Macaca mulatta), Drosophila melanogaster and Caenorhabditis elegans). Data can be bulk downloaded or filtered by rearrangement type or clinical features. Researchers are invited to submit their own data.
=540  \\$aNot stated.
=584  \\$aData are extracted from the literature and can be submitted by researchers.
=588  \\$aDescription based on contents viewed on October 23, 2014; title from database home page.
=584  \\$aAccepting data submissions: Yes.
=650  \0$aMitochondrial DNA$vDatabases.
=653  \\$aGenetic Structures
=653  \\$aCellular Structures
=653  2\$aModel Organisms
=655  \7$aDataset.$2local
=655  \7$aExperimental data.$2local
=690  7\$aResearch Datasets Collection$2blcoll
=710  2\$aUniversidade do Porto.
=856  40$uhttp://mitobreak.portugene.com$yResearch Datasets Collection
=859  \\$aXLD$bdatasets
=CAT  \\$aRESDATASET$b00$c20140822$lBLL01$h1346
=CAT  \\$a7332$b40$c20141023$lBLL01$h1327
=CAT  \\$aW1606-1753$c20171028$lBLL01$h1603
=FIN  \\$aY$d20141023
=SRC  \\$aBLDatasets$bdatasets20140822.xml
=LAS  \\$aW1606-1753$b00$c20171028$lBLL01$h1603

