=LDR  02183 mi a2200577 i 4500
=001  016834907
=003  Uk
=005  20141023110302.0
=006  s||\d|||||||0\\\a2
=007  cr\|||||||||||
=008  140822c20uu9999xxu\\\\\o\\j\\\\\\\\eng\\
=FMT  \\$a  CF
=024  7\$astm20131119h$2local
=040  \\$aUk$beng$cUk$erda
=042  \\$aukblsr
=082  04$a583.74072$223
=245  00$aSoybean Knowledge Base.
=246  3\$aSoyKB
=264  \1$a[Columbia] :$bUniversity of Missouri
=300  \\$a1 online resource
=336  \\$acomputer dataset$2rdacontent
=336  \\$atext$2rdacontent
=337  \\$acomputer$2rdamedia
=338  \\$aonline resource$2rdacarrier
=506  \\$aRegistration is required for some of the data.
=510  0\$uhttp://dx.doi.org/10.1093/nar/gkt905
=516  \\$atext/plain; application/zip.
=520  3\$aSoybean (Glycine max) genetic, genomic, expression, proteomic, metabolomic, pathway and phenotypic data. Data can be bulk downloaded by submitting gene lists. Data can be browsed by data type and data is queried per data type. Researchers can also upload their own data to the knowledgebase.
=540  \\$aNot stated.
=584  \\$aData were extracted from the literature and generated by the contributors.
=588  \\$aDescription based on contents viewed on October 23, 2014; title from database home page.
=584  \\$aAccepting data submissions: Yes.
=650  \0$aSoybean$xGenetics.
=650  \0$aSoybean$xFunctional genomics.
=650  \0$aPlant breeding.
=653  \\$aPlants
=653  \\$aGenetic Structures
=653  \\$aPlant Breeding and Genetics
=653  2\$aFood security
=655  \7$aDataset.$2local
=655  \7$aExperimental data.$2local
=690  7\$aResearch Datasets Collection$2blcoll
=710  2\$aUniversity of Missouri.
=856  40$uhttp://soykb.org/$yResearch Datasets Collection
=859  \\$aXLD$bdatasets
=CAT  \\$aRESDATASET$b00$c20140822$lBLL01$h1346
=CAT  \\$a7332$b40$c20141023$lBLL01$h1103
=CAT  \\$aW1606-1753$c20171028$lBLL01$h1603
=FIN  \\$aY$d20141023
=SRC  \\$aBLDatasets$bdatasets20140822.xml
=LAS  \\$aW1606-1753$b00$c20171028$lBLL01$h1603

