=LDR  02133 mi a2200589 i 4500
=001  016834908
=003  Uk
=005  20141009102237.0
=006  s||\d|||||||0\\\a2
=007  cr\|||||||||||
=008  140822c20uu9999stk\\\\\o\\j\\\\\\\\eng\\
=FMT  \\$a  CF
=024  7\$astm20131119j$2local
=040  \\$aUk$beng$cUk$erda
=042  \\$aukblsr
=082  04$a595.774$223
=245  00$aBrainTrap.
=246  3\$aBrain Trap
=264  \1$aEdinburgh :$bUniversity of Edinburgh
=300  \\$a1 online resource
=336  \\$acomputer dataset$2rdacontent
=336  \\$atext$2rdacontent
=337  \\$acomputer$2rdamedia
=338  \\$aonline resource$2rdacarrier
=506  \\$aData are free to access.
=516  \\$atext/html.
=520  3\$aConfocal image data of protein expression in the Drosophila melanogaster brain. The data can be browsed by gene, strain or image. Data can be searched by brain area or keywords. Images with different expressions can also be overlaid using the 'multibrain' function.
=540  \\$aNot stated.
=584  \\$aAccepting data submissions: No.
=588  \\$aDescription based on Release 3.5 viewed on October 8, 2014; title from database home page.
=650  \0$aDrosophila melanogaster$xDevelopment.
=650  \0$aBrain$xGrowth.
=650  \0$aDevelopmental neurobiology.
=650  \0$aProteins.
=650  \0$aGene expression.
=653  \\$aProteins
=653  \\$aNervous System
=653  2\$aModel Organisms
=655  \7$aDataset.$2local
=655  \7$aExperimental data.$2local
=655  \7$aRecordings.$2local
=690  7\$aResearch Datasets Collection$2blcoll
=710  2\$aUniversity of Cambridge.
=710  2\$aUniversity of Edinburgh.
=856  40$uhttp://braintrap-karenin.inf.ed.ac.uk/braintrap/$yResearch Datasets Collection$yResearch Datasets Collection
=859  \\$aXLD$bdatasets
=CAT  \\$aRESDATASET$b00$c20140822$lBLL01$h1346
=CAT  \\$a7332$b40$c20141009$lBLL01$h1022
=CAT  \\$aW1606-1753$c20171028$lBLL01$h1603
=FIN  \\$aY$d20141009
=SRC  \\$aBLDatasets$bdatasets20140822.xml
=LAS  \\$aW1606-1753$b00$c20171028$lBLL01$h1603

