=LDR  02225 mi a2200565 i 4500
=001  016834909
=003  Uk
=005  20141210094750.0
=006  s||\d|||||||0\\\a2
=007  cr\|||||||||||
=008  140822c20uu9999ch\\\\\\o\\j\\\\\\\\eng\\
=FMT  \\$a  CF
=024  7\$astm20140117a$2local
=040  \\$aUk$beng$cUk$erda
=042  \\$aukblsr
=082  04$a595.78$223
=245  00$aDiamondback moth Genome Database.
=246  3\$aDBM-DB
=264  \1$a[Fuzhou] :$bInstitute of Applied Ecology, Fujian Agriculture and Forestry University
=300  \\$a1 online resource
=336  \\$acomputer dataset$2rdacontent
=336  \\$atext$2rdacontent
=337  \\$acomputer$2rdamedia
=338  \\$aonline resource$2rdacarrier
=506  \\$aData are free to access.
=510  0\$uhttp://doi.org/10.1093/database/bat087
=516  \\$aapplication/msexcel.
=520  3\$aGenomic data on the diamondback moth. The diamond back moth is an important pest of cruciferous vegetables (brassicas). Data can be BLAST searched, queried by gene ID or annotation, or accessed via a genome browser interface. Data can also be downloaded in full by scaffold or assembly.
=540  \\$aPublishers copyright.
=584  \\$aData are generated by the DBM-DB team.
=588  \\$aDescription based on contents viewed on December 10 ; title from database home page.
=584  \\$aAccepting data submissions: No.
=650  \0$aDiamondback moth$xGenetics.
=653  \\$aGenetic Variation
=653  \\$aPlant Diseases/Disorders/Pests
=653  \\$aArthropods > Hexapods > Insects
=653  2\$aFood security
=655  \7$aDataset.$2local
=655  \7$aExperimental data.$2local
=690  7\$aResearch Datasets Collection$2blcoll
=710  2\$aFujian Agriculture and Forestry University.$bInstitute of Applied Ecology.
=856  40$uhttp://iae.fafu.edu.cn/DBM/$yResearch Datasets Collection
=859  \\$aXLD$bdatasets
=985  \\$a710 = new hdg.
=CAT  \\$aRESDATASET$b00$c20140822$lBLL01$h1346
=CAT  \\$a7332$b40$c20141210$lBLL01$h0947
=CAT  \\$aW1606-1753$c20171028$lBLL01$h1603
=FIN  \\$aY$d20141210
=SRC  \\$aBLDatasets$bdatasets20140822.xml
=LAS  \\$aW1606-1753$b00$c20171028$lBLL01$h1603

