=LDR  01983 mi a2200541 i 4500
=001  016834910
=003  Uk
=005  20141118075052.0
=006  s||\d|||||||0\\\a2
=007  cr\|||||||||||
=008  140822c201u9999xxu\\\\\o\\j\\\\\\\\eng\\
=FMT  \\$a  CF
=024  7\$astm20140214a$2local
=040  \\$aUk$beng$cUk$erda
=042  \\$aukblsr
=082  04$a578.0973$223
=245  00$aBiodiversity Information Serving Our Nation.
=246  3\$aBISON
=264  \1$a[Reston, Va.] :$bUnited States Geological Survey
=300  \\$a1 online resource
=336  \\$acomputer dataset$2rdacontent
=336  \\$atext$2rdacontent
=337  \\$acomputer$2rdamedia
=338  \\$aonline resource$2rdacarrier
=506  \\$aData are free to access.
=516  \\$aapplication/vnd.google-earth.kml+xml; ESRI shapefile; text/csv.
=520  3\$aSpecies occurrence data from across the U.S.
=540  \\$aNot stated.
=584  \\$aData are provided by various organisations in the US to the USGS to aggregate and make available via BISON.
=588  \\$aDescription based on contents viewed on November 18, 2014; title from Webpage.
=522  \\$aUnited States.
=584  \\$aAccepting data submissions: No.
=650  \0$aBiogeography$zUnited States$xInformation services.
=650  \0$aSpecies$zUnited States$xInformation services.
=653  \\$aCommunity Dynamics > Community Structure
=653  2\$aLiving With Environmental Change
=655  \7$aDataset.$2local
=655  \7$aObservational data.$2local
=690  7\$aResearch Datasets Collection$2blcoll
=710  2\$aGeological Survey (U.S.)
=856  40$uhttp://bison.usgs.ornl.gov/$yResearch Datasets Collection
=859  \\$aXLD$bdatasets
=CAT  \\$aRESDATASET$b00$c20140822$lBLL01$h1346
=CAT  \\$a7332$b40$c20141118$lBLL01$h0750
=CAT  \\$aW1606-1753$c20171028$lBLL01$h1603
=FIN  \\$aY$d20141118
=SRC  \\$aBLDatasets$bdatasets20140822.xml
=LAS  \\$aW1606-1753$b00$c20171028$lBLL01$h1603

