=LDR  02316 mi a2200625 i 4500
=001  016834911
=003  Uk
=005  20141118073956.0
=006  s||\d|||||||0\\\a2
=007  cr\|||||||||||
=008  140822c20uu9999xxu\\\\\o\\j\\\\\\\\eng\\
=FMT  \\$a  CF
=024  7\$astm20140220a$2local
=040  \\$aUk$beng$cUk$erda
=042  \\$aukblsr
=082  04$a551.5246$223
=245  00$aCCHDO.
=246  3\$aCLIVAR & Carbon Hydrographic Data Office
=264  \1$a[San Diego] :$bUniversity of California, San Diego
=300  \\$a1 online resource
=336  \\$acomputer dataset$2rdacontent
=336  \\$atext$2rdacontent
=337  \\$acomputer$2rdamedia
=338  \\$aonline resource$2rdacarrier
=506  \\$aData are free to access.
=516  \\$aNetCDF.
=520  3\$aConductivity, temperature and depth profiles, collected during various oceanographic programmes. Data can be accessed by querying data with a keyword search or interactive map.
=540  \\$aNot stated.
=584  \\$aData are submitted by the research community.
=588  \\$aDescription based on contents viewed on November 18, 2014; title from home page.
=584  \\$aAccepting data submissions: Yes.
=650  \0$aOcean-atmosphere interaction$vObservations.
=650  \0$aOcean temperature$vObservations.
=650  \0$aSalinity$vObservations.
=650  \0$aWater$xDissolved oxygen$vObservations.
=650  \0$aHydrology.
=650  \0$aChemical oceanography$vObservations.
=653  \\$aOcean Temperature > Water Temperature
=653  \\$aConductivity
=653  \\$aWater Depth
=653  2\$aLiving With Environmental Change
=655  \7$aDataset.$2local
=655  \7$aObservational data.$2local
=690  7\$aResearch Datasets Collection$2blcoll
=710  1\$aUnited States.$bNational Oceanic and Atmospheric Administration.
=710  2\$aNational Science Foundation (U.S.)
=710  2\$aUniversity of California, San Diego.
=856  40$uhttp://cchdo.ucsd.edu/$yResearch Datasets Collection
=859  \\$aXLD$bdatasets
=CAT  \\$aRESDATASET$b00$c20140822$lBLL01$h1346
=CAT  \\$a7332$b40$c20141118$lBLL01$h0739
=CAT  \\$aW1606-1753$c20171028$lBLL01$h1603
=FIN  \\$aY$d20141118
=SRC  \\$aBLDatasets$bdatasets20140822.xml
=LAS  \\$aW1606-1753$b00$c20171028$lBLL01$h1603

