=LDR  01941 mi a2200589 i 4500
=001  016834912
=003  Uk
=005  20141028101352.0
=006  s||\d|||||||0\\\a2
=007  cr\|||||||||||
=008  140822c20uu9999enk\\\\\o\\j\\\\\\\\eng\\
=FMT  \\$a  CF
=024  7\$astm20140220c$2local
=040  \\$aUk$beng$cUk$erda
=042  \\$aukblsr
=082  04$a616.027333$223
=245  00$aEurophenome Mouse Phenotyping Resource.
=264  \1$a[Didcot] :$bMRC Harwell
=300  \\$a1 online resource
=336  \\$acomputer dataset$2rdacontent
=336  \\$atext$2rdacontent
=337  \\$acomputer$2rdamedia
=338  \\$aonline resource$2rdacarrier
=506  \\$aData are free to access.
=516  \\$atext/csv.
=520  3\$aProvides mouse phenotype data, which can be queried by gene or phenotypic term.
=540  \\$aNot stated.
=584  \\$aAccepting data submissions: Yes.
=588  \\$aDescription based on contents viewed on October 28, 2014; title from database home page.
=650  \0$aMice$xGenetics.
=650  \0$aPhenotype.
=653  \\$aPhenotype
=653  \\$aModels, Animal
=653  2\$aModel Organisms
=655  \7$aDataset.$2local
=655  \7$aExperimental data.$2local
=655  \7$aReference data.$2local
=690  7\$aResearch Datasets Collection$2blcoll
=710  2\$aMRC Harwell.
=710  2\$aHelmholtz Zentrum München.
=710  2\$aSanger Institute (Hinxton, England)
=856  40$uhttp://www.europhenome.org$yResearch Datasets Collection
=859  \\$aXLD$bdatasets
=985  \\$a710 = new hdg.
=CAT  \\$aRESDATASET$b00$c20140822$lBLL01$h1346
=CAT  \\$aBATCH-UPD$b00$c20140822$lBLL01$h1346
=CAT  \\$a7332$b40$c20141028$lBLL01$h1013
=CAT  \\$aW1606-1753$c20171028$lBLL01$h1603
=CAT  \\$aBATCH-UPD$b00$c20180315$lBLL01$h0025
=FIN  \\$aY$d20141028
=SRC  \\$aBLDatasets$bdatasets20140822.xml
=LAS  \\$aBATCH-UPD$b00$c20180315$lBLL01$h0025

