=LDR  02028 mi a2200565 i 4500
=001  016834913
=003  Uk
=005  20141024082301.0
=006  s||\d|||||||0\\\a2
=007  cr\|||||||||||
=008  140822c20uu9999ne\\\\\\o\\j\\\\\\\\eng\\
=FMT  \\$a  CF
=024  7\$astm20140220e$2local
=040  \\$aUk$beng$cUk$erda
=042  \\$aukblsr
=082  04$a592.57072$223
=245  00$aWormQTLHD.
=264  \1$a[Netherlands] :$bPANACEA project
=300  \\$a1 online resource
=336  \\$acomputer dataset$2rdacontent
=336  \\$atext$2rdacontent
=337  \\$acomputer$2rdamedia
=338  \\$aonline resource$2rdacarrier
=506  \\$aData are free to access.
=510  0\$uhttp://doi.org/10.1093/nar/gkt1044
=516  \\$atext/csv; application/msexcel; SPSS.
=520  3\$aProvides data on generic variation in C. elegans as a model for the genetic basis of human disease. Covers quantitative trait locus (QTL) and human to worm association data. Data can be accessed by QTL and association queries or by browsing the data.
=540  \\$aNot stated.
=584  \\$aAccepting data submissions: No.
=588  \\$aDescription based on contents viewed on October 24, 2014; title from database home page.
=650  \0$aCaenorhabditis elegans$xGenetics.
=650  \0$aDiseases.
=650  \0$aMedical genetics.
=653  \\$aGenetic Variation
=653  \\$aModels, Animal
=653  2\$aModel Organisms
=655  \7$aDataset.$2local
=655  \7$aExperimental data.$2local
=655  \7$aReference data.$2local
=690  7\$aResearch Datasets Collection$2blcoll
=710  2\$aPANACEA (Project)
=856  40$uhttp://www.wormqtl-hd.org$yResearch Datasets Collection
=859  \\$aXLD$bdatasets
=985  \\$a710 = new hdg
=CAT  \\$aRESDATASET$b00$c20140822$lBLL01$h1346
=CAT  \\$a7332$b40$c20141024$lBLL01$h0823
=CAT  \\$aW1606-1753$c20171028$lBLL01$h1603
=FIN  \\$aY$d20141024
=SRC  \\$aBLDatasets$bdatasets20140822.xml
=LAS  \\$aW1606-1753$b00$c20171028$lBLL01$h1603

