=LDR  02158 mi a2200577 i 4500
=001  016834914
=003  Uk
=005  20141028130729.0
=006  s||\d|||||||0\\\a2
=007  cr\|||||||||||
=008  140822c20uu9999ja\\\\\\o\\j\\\\\\\\eng\\
=FMT  \\$a  CF
=024  7\$astm20140220f$2local
=040  \\$aUk$beng$cUk$erda
=042  \\$aukblsr
=082  04$a581.35$223
=245  00$aPlantPromoterdb.
=246  3\$appdb
=264  \1$aGifu City :$bGifu University
=300  \\$a1 online resource
=336  \\$acomputer dataset$2rdacontent
=336  \\$atext$2rdacontent
=337  \\$acomputer$2rdamedia
=338  \\$aonline resource$2rdacarrier
=506  \\$aData are free to access.
=510  0\$uhttp://doi.org/10.1093/nar/gkt1027
=516  \\$atext/html.
=520  3\$aData on transcription start sites and core promoter structure and regulatory element groups in the model plants Arabidopsis thaliana, Physcomitrella patens and poplar, as well as Oryza sativa (rice) and Chlamydomonas reinhardtii. Data can be searched by gene and the full database can be downloaded by registered users.
=540  \\$aNot stated.
=584  \\$aAccepting data submissions: No.
=588  \\$aDescription based on Version 3.0 viewed on October 28, 2014; title from database Web page.
=650  \0$aArabidopsis thaliana$xGenetics.
=650  \0$aPhyscomitrella patens$xGenetics.
=650  \0$aRice$xGenetics.
=650  \0$aChlamydomonas reinhardtii$xGenetics.
=650  \0$aPlant genetics.
=653  \\$aGenetic Processes
=653  2\$aModel Organisms
=655  \7$aDataset.$2local
=655  \7$aExperimental data.$2local
=655  \7$aReference data.$2local
=690  7\$aResearch Datasets Collection$2blcoll
=710  2\$aGifu Daigaku.
=856  40$uhttp://ppdb.agr.gifu-u.ac.jp/ppdb/cgi-bin/index.cgi$yResearch Datasets Collection
=859  \\$aXLD$bdatasets
=CAT  \\$aRESDATASET$b00$c20140822$lBLL01$h1346
=CAT  \\$a7332$b40$c20141028$lBLL01$h1307
=CAT  \\$aW1606-1753$c20171028$lBLL01$h1603
=FIN  \\$aY$d20141028
=SRC  \\$aBLDatasets$bdatasets20140822.xml
=LAS  \\$aW1606-1753$b00$c20171028$lBLL01$h1603

