=LDR  02145 mi a2200553 i 4500
=001  016834915
=003  Uk
=005  20141209081836.0
=006  s||\d|||||||0\\\a2
=007  cr\|||||||||||
=008  140822c20uu9999it\\\\\\o\\j\\\\\\\\eng\\
=FMT  \\$a  CF
=024  7\$astm20130808j$2local
=040  \\$aUk$beng$cUk$erda
=042  \\$aukblsr
=082  04$a338.1$223
=245  00$aGAEZ.
=246  3\$aGlobal Agro-Ecological Zones
=264  \1$a[Rome] :$bFood and Agriculture Organization of the United Nations
=300  \\$a1 online resource
=336  \\$acomputer dataset$2rdacontent
=336  \\$atext$2rdacontent
=337  \\$acomputer$2rdamedia
=338  \\$aonline resource$2rdacarrier
=506  \\$aUsers must register to access data.
=516  \\$atext/csv; application/pdf; text/xml.
=520  3\$aData from agro-ecological zones assessment, covering topics such as land and water resources, climate, suitability and potential yield or over 200 crops, actual yield and production and production gaps. These can be searched by keyword.
=540  \\$aCreators/Contributors retain copyright.
=584  \\$aAccepting data submissions: No.
=588  \\$aDescription based on version 3.0 viewed on December 9, 2014; title from database home page.
=650  \0$aCrop yields.
=650  \0$aLand use$xManagement.
=650  \0$aWater resources management.
=650  \0$aNatural resources$xManagement.
=653  2\$aFood security
=655  \7$aDataset.$2local
=655  \7$aMonitoring data.$2local
=690  7\$aResearch Datasets Collection$2blcoll
=710  2\$aFood and Agriculture Organization of the United Nations.
=710  2\$aInternational Institute for Applied Systems Analysis.
=856  40$uhttp://gaez.fao.org/Main.html$yResearch Datasets Collection
=859  \\$aXLD$bdatasets
=CAT  \\$aRESDATASET$b00$c20140822$lBLL01$h1346
=CAT  \\$a7332$b40$c20141209$lBLL01$h0805
=CAT  \\$a7332$b40$c20141209$lBLL01$h0818
=CAT  \\$aW1606-1753$c20171028$lBLL01$h1603
=FIN  \\$aY$d20141209
=SRC  \\$aBLDatasets$bdatasets20140822.xml
=LAS  \\$aW1606-1753$b00$c20171028$lBLL01$h1603

