=LDR  02288 mi a2200541 i 4500
=001  016834916
=003  Uk
=005  20141126110732.0
=006  s||\d|||||||0\\\a2
=007  cr\|||||||||||
=008  140822c20uu9999li\\\\\\o\\j\\\\\\\\eng\\
=FMT  \\$a  CF
=024  7\$astm20130823a$2local
=040  \\$aUk$beng$cUk$erda
=042  \\$aukblsr
=082  04$a577.18$223
=245  00$aAquaNIS.
=264  \1$a[Klaipeda] :$bKlaipeda University Coastal Research and Planning Institute
=300  \\$a1 online resource
=336  \\$acomputer dataset$2rdacontent
=336  \\$atext$2rdacontent
=337  \\$acomputer$2rdamedia
=338  \\$aonline resource$2rdacarrier
=506  \\$aData are free to access.
=516  \\$aapplication/msexcel.
=520  3\$aProvides data on aquatic non-indigenous species (NIS) in European waters. Data can be identified by selecting aspects of species or introduction events of interest. Once the desired variables are chosen, they can be downloaded in Excel format.
=540  \\$aPhotographs on this site are the copyright of their owners, their rights are protected.
=584  \\$aData were generated by various European research projects and collated by the AquaNIS team.
=588  \\$aDescription based on Version 2.36 viewed on October 28, 2014; title from database home page.
=584  \\$aAccepting data submissions: No.
=650  \0$aNonindigenous aquatic pests$zEurope.
=653  \\$aCommunity Dynamics > Invasive Species
=653  \\$aMarine Habitat
=653  2\$aLiving With Environmental Change
=655  \7$aDataset.$2local
=655  \7$aObservational data.$2local
=690  7\$aResearch Datasets Collection$2blcoll
=710  2\$aKlaipėdos universitetas.$bBaltijos pajūrio aplinkos tyrimų ir planavimo institutas.
=856  40$uhttp://www.corpi.ku.lt/databases/index.php/aquanis$yResearch Datasets Collection
=859  \\$aXLD$bdatasets
=CAT  \\$aRESDATASET$b00$c20140822$lBLL01$h1346
=CAT  \\$a7332$b40$c20141028$lBLL01$h1111
=CAT  \\$a7332$b40$c20141126$lBLL01$h1107
=CAT  \\$aBATCH-UPD$b40$c20141129$lBLL01$h1729
=CAT  \\$aW1606-1753$c20171028$lBLL01$h1603
=FIN  \\$aY$d20141028
=SRC  \\$aBLDatasets$bdatasets20140822.xml
=LAS  \\$aW1606-1753$b00$c20171028$lBLL01$h1603

