=LDR  02007cmi a2200517 i 4500
=001  016834917
=003  Uk
=005  20141023140646.0
=006  s||\d|||||||0\\\a2
=007  cr\|||||||||||
=008  140822c20uu9999sw\\\\\\o\\j\\\\\\\\eng\\
=FMT  \\$a  CF
=024  7\$astm20131002a$2local
=040  \\$aUk$beng$cUk$erda
=042  \\$aukblsr
=082  04$a571.936$223
=245  00$ayApoptosis.
=264  \1$a[Gothenburg] :$bSystems and Synthetic Biology, Chalmers University of Technology
=300  \\$a1 online resource
=336  \\$acomputer dataset$2rdacontent
=336  \\$atext$2rdacontent
=337  \\$acomputer$2rdamedia
=338  \\$aonline resource$2rdacarrier
=506  \\$aData are free to access.
=516  \\$aapplication/msexcel; text/csv; text/plain.
=520  3\$aAnnotated apoptosis genes from yeast as well as pathways and gene ontologies. Data is browseable by gene and network maps, or can be searched by key terms, gene name, cellular location or process. Available data can also be downloaded in bulk for local analysis.
=540  \\$aCreators/Contributors retain copyright.
=584  \\$aAccepting data submissions: No.
=588  \\$aDescription based on contents viewed on October 23, 2014; title from database home page.
=650  \0$aYeast$xCytology.
=650  \0$aApoptosis.
=653  \\$aCell Physiological Processes
=653  2\$aModel Organisms
=655  \7$aDataset.$2local
=655  \7$aExperimental data.$2local
=690  7\$aResearch Datasets Collection$2blcoll
=710  2\$aChalmers tekniska högskola.
=856  40$uhttp://www.ycelldeath.com/yapoptosis/$yResearch Datasets Collection
=859  \\$aXLD$bdatasets
=CAT  \\$aRESDATASET$b00$c20140822$lBLL01$h1346
=CAT  \\$a7332$b40$c20141023$lBLL01$h1406
=CAT  \\$aW1606-1753$c20171028$lBLL01$h1603
=CAT  \\$aBATCH-UPD$b00$c20230315$lBLL01$h1309
=FIN  \\$aY$d20141023
=SRC  \\$aBLDatasets$bdatasets20140822.xml
=LAS  \\$aBATCH-UPD$b00$c20230315$lBLL01$h1309

