=LDR  02367 mi a2200613 i 4500
=001  016834918
=003  Uk
=005  20141009083905.0
=006  s||\d|||||||0\\\a2
=007  cr\|||||||||||
=008  140822c20099999fr\\\\\\o\\j\\\\\\\\eng\\
=FMT  \\$a  CF
=024  7\$astm20131114a$2local
=040  \\$aUk$beng$cUk$erda
=042  \\$aukblsr
=082  04$a547.632$223
=245  00$aPhenol-Explorer.
=264  \1$a[Paris] :$bFrench National Institute for Agricultural Research,$c2009-
=300  \\$a1 online resource
=336  \\$acomputer dataset$2rdacontent
=336  \\$atext$2rdacontent
=337  \\$acomputer$2rdamedia
=338  \\$aonline resource$2rdacarrier
=506  \\$aData are free to access.
=516  \\$atext/csv; application/msexcel.
=520  3\$aData on polyphenol content of foods as well as polyphenol metabolism and the effects of food processing on polyphenol content. Data can be browsed by data of interest, searched by keyword, and each set of data can be downloaded in bulk.
=540  \\$aNot stated.
=584  \\$aData were extracted from the literature.
=588  \\$aDescription based on Release 3.5 viewed on October 8, 2014; title from database Web page.
=584  \\$aAccepting data submissions: No.
=650  \0$aPolyphenols$xResearch.yResearch Datasets Collection
=650  \0$aPolyphenols$xMetabolism.
=650  \0$aFood$xSafety measures.
=650  \0$aFood$xQuality.
=653  \\$aHydrocarbons
=653  2\$aFood Security
=655  \7$aDataset.$2local
=655  \7$aReference data.$2local
=690  7\$aResearch Datasets Collection$2blcoll
=710  2\$aInstitut national de la recherche agronomique (France)
=710  2\$aAgence francÌ§aise de seÌcuriteÌ sanitaire des aliments.
=710  2\$aUniversity of Alberta.
=710  2\$aUniversitat de Barcelona.
=710  2\$aInternational Agency for Research on Cancer.
=710  2\$aIn Siliflo Data Management & Analysis Inc.
=856  40$uhttp://www.phenol-explorer.eu/$yResearch Datasets Collection
=859  \\$aXLD$bdatasets
=985  \\$a710/6 = new hdg.
=CAT  \\$aRESDATASET$b00$c20140822$lBLL01$h1346
=CAT  \\$a7332$b40$c20141009$lBLL01$h0839
=CAT  \\$aW1606-1753$c20171028$lBLL01$h1603
=FIN  \\$aY$d20141009
=SRC  \\$aBLDatasets$bdatasets20140822.xml
=LAS  \\$aW1606-1753$b00$c20171028$lBLL01$h1603

