=LDR  02118 mi a2200505 i 4500
=001  016834919
=003  Uk
=005  20141023103452.0
=006  s||\d|||||||0\\\a2
=007  cr\|||||||||||
=008  140822c20uu9999it\\\\\\o\\j\\\\\\\\eng\\
=FMT  \\$a  CF
=024  7\$astm20131114c$2local
=040  \\$aUk$beng$cUk$erda
=042  \\$aukblsr
=082  04$a550$223
=245  00$aGeonetwork.
=264  \1$a[Rome] :$bFood and Agriculture Organization of the United Nations
=300  \\$a1 online resource
=336  \\$acomputer dataset$2rdacontent
=336  \\$atext$2rdacontent
=337  \\$acomputer$2rdamedia
=338  \\$aonline resource$2rdacarrier
=506  \\$aData are free to access.
=516  \\$atext/html; Shapefile; application/vnd.google-earth.kml+xml.
=520  3\$aCore datasets from the FAO, useful for assessing development and food security. Covers a range of topics: agriculture and livestock; ecology; remote sensing and topography; biological and ecological resources; climate; fisheries and aquaculture; forestry; human health; hydrology and water resources; infrastructures; land cover and land use; population and socio-economic indicators; soils and soil resources; topography.
=540  \\$aNot stated.
=584  \\$aData are collated by the FAO.
=588  \\$aDescription based on contents viewed on October 23, 2014; title from database home page.
=584  \\$aAccepting data submissions: No.
=650  \0$aGeodatabases.
=650  \0$aFood security.
=653  2\$aFood security
=655  \7$aDataset.$2local
=655  \7$aReference data.$2local
=690  7\$aResearch Datasets Collection$2blcoll
=710  2\$aFood and Agriculture Organization of the United Nations.
=856  40$uhttp://www.fao.org/geonetwork/srv/en/main.home$yResearch Datasets Collection
=859  \\$aXLD$bdatasets
=CAT  \\$aRESDATASET$b00$c20140822$lBLL01$h1346
=CAT  \\$a7332$b40$c20141023$lBLL01$h1034
=CAT  \\$aW1606-1753$c20171028$lBLL01$h1603
=FIN  \\$aY$d20141023
=SRC  \\$aBLDatasets$bdatasets20140822.xml
=LAS  \\$aW1606-1753$b00$c20171028$lBLL01$h1603

