=LDR  03144 mm a2200565 i 4500
=001  016834920
=003  Uk
=005  20141209103927.0
=006  s||\d|||||||0\\\a2
=007  cr\|||||||||||
=008  140822s2012\\\\enk\\\\\o\\j\\\\\\\\eng\\
=FMT  \\$a  CF
=024  7\$astm20140338a$2local
=040  \\$aUk$beng$cUk$erda
=042  \\$aukblsr
=082  04$a551.48$223
=245  00$aFuture Flows Hydrology Data.
=246  3\$aFF-HydMod-PPE
=264  \1$a[Wallingford] :$bCentre for Ecology and Hydrology,$c2012.
=300  \\$a1 online resource
=336  \\$acomputer dataset$2rdacontent
=336  \\$atext$2rdacontent
=337  \\$acomputer$2rdamedia
=338  \\$aonline resource$2rdacarrier
=506  \\$aUsers must register to access data.
=516  \\$atext/csv.
=518  \\$d1951 January 1-2098 December 1.
=520  3\$aFuture Flows Hydrology was developed as part of the project "Future Flows and Groundwater Levels'' funded by the Environment Agency for England and Wales, Defra, UK Water Research Industry, NERC (Centre for Ecology and Hydrology and British Geological Survey) and Wallingford HydroSolutions. It is an 11-member ensemble projections of river flow and groundwater levels time series for 283 catchments and 24 boreholes in Great Britain.River flow data is provided as a daily projection and groundwater levels as a monthly projection for the use in studying climate variability scenarios and the use of hydrological modelling uncertainty under climate change conditions. This dataset covers the years 1951-2098. Further information: Prudhomme, C., Haxton, T., Crooks, S., Jackson, C., Barkwith, A., Williamson, J., Kelvin, J., Mackay, J., Wang, L., Young, A., and Watts, G.: Future Flows Hydrology: an ensemble of daily river flow and monthly groundwater levels for use for climate change impact assessment across Great Britain, Earth Syst. Sci. Data, 5, 101-107, doi:10.5194/essd-5-101-2013, 2013.
=540  \\$aUsers must read and agree to the terms and conditions click through license: http://eidchub.ceh.ac.uk/administration-folder/tools/ceh-standard-licence-texts/future-flows-click-through/plain.
=584  \\$aAccepting data submissions: no.
=588  \\$aDescription based on contents viewed on December 9 ; title from database Web page.
=650  \0$aHydrology$vObservations.
=653  \\$aRiver flow
=653  \\$aGround water levels
=653  \\$aClimate variability
=653  2\$aFlooding
=655  \7$aDataset.$2local
=655  \7$aModelled data.$2local
=690  7\$aResearch Datasets Collection$2blcoll
=710  2\$aCentre for Ecology and Hydrology (Great Britain)
=856  40$uhttp://doi.org/10.5285/f3723162-4fed-4d9d-92c6-dd17412fa37b$yResearch Datasets Collection
=859  \\$aXLD$bdatasets
=CAT  \\$aRESDATASET$b00$c20140822$lBLL01$h1346
=CAT  \\$a11279$b40$c20140901$lBLL01$h1712
=CAT  \\$a7332$b40$c20141209$lBLL01$h1030
=CAT  \\$a7332$b40$c20141209$lBLL01$h1039
=CAT  \\$aW1606-1753$c20171028$lBLL01$h1603
=FIN  \\$aY$d20141209
=SRC  \\$aBLDatasets$bdatasets20140822.xml
=LAS  \\$aW1606-1753$b00$c20171028$lBLL01$h1603

