=LDR  02662 mm a2200589 i 4500
=001  016834921
=003  Uk
=005  20141209110540.0
=006  s||\d|||||||0\\\a2
=007  cr\|||||||||||
=008  140822s2012\\\\xx\\\\\\o\\j\\\\\\\\eng\\
=FMT  \\$a  CF
=024  7\$astm20140338b$2local
=040  \\$aUk$beng$cUk$erda
=042  \\$aukblsr
=082  04$a551.488$223
=245  00$aProglacial river stage, discharge, and temperature datasets from the Akuliarusiarsuup Kuua River northern tributary, Southwest Greenland, 2008-2013.
=264  \1$a[Place of publication not identified] :$bPublishing Network for Geoscientific and Environmental Data,$c2012.
=300  \\$a1 online resource
=336  \\$acomputer dataset$2rdacontent
=336  \\$atext$2rdacontent
=337  \\$acomputer$2rdamedia
=338  \\$aonline resource$2rdacarrier
=506  \\$aData are free to access.
=516  \\$atext/plain.
=518  \\$d2008-2013.
=520  3\$aA dataset of melt water river discharge for the vicinity of Kangerlussuaq, Southwest Greenland. A rare collection of direct measurements of ice sheet runoff to the global ocean. The dataset contains measurements of river stage and discharge for three sites along the Akuliarusiarsuup Kuua (Watson) River's northern tributary, with 30 minute temporal resolution between June 2008 and August 2010. Additional data of water temperature, air pressure, and lake water depth and temperature are also provided. Contains 6 datasets from dates between June 2008 and July 2011.Further information: http://doi.org/10.5194/essd-4-1-2012.
=540  \\$aA version of Science or Creative Commons.
=584  \\$aAccepting data submissions: No.
=588  \\$aDescription based on version 2 viewed on December 9 ; title from database Web page.
=650  \0$aIce sheets$zGreenland.
=650  \0$aRunoff$zGreenland.
=653  \\$aOceanography
=653  \\$aIce-sheet runoff
=653  \\$aGeography
=653  2\$aFlooding
=655  \7$aDataset.$2local
=655  \7$aObservational data.$2local
=655  \7$aMonitoring data.$2local
=690  7\$aResearch Datasets Collection$2blcoll
=700  1\$aRennermalm, Asa Kristina,$d1973-
=700  1\$aSmith, Laurence C.
=700  1\$aChu, Vena W.
=856  40$uhttp://doi.org/10.1594/PANGAEA.762818$yResearch Datasets Collection
=859  \\$aXLD$bdatasets
=985  \\$a700/2 = new hdg.
=CAT  \\$aRESDATASET$b00$c20140822$lBLL01$h1346
=CAT  \\$a7332$b40$c20141209$lBLL01$h1105
=CAT  \\$aW1606-1753$c20171028$lBLL01$h1603
=FIN  \\$aY$d2
=SRC  \\$aBLDatasets$bdatasets20140822.xml
=LAS  \\$aW1606-1753$b00$c20171028$lBLL01$h1603

