=LDR  02816 mm a2200577 i 4500
=001  016834922
=003  Uk
=005  20141209131010.0
=006  s||\d|||||||0\\\a2
=007  cr\|||||||||||
=008  140822s2011\\\\xx\\\\\\o\\j\\\\\\\\eng\\
=FMT  \\$a  CF
=024  7\$astm20140338c$2local
=040  \\$aUk$beng$cUk$erda
=042  \\$aukblsr
=082  04$a551.6$223
=245  00$aSoil, snow, weather, and sub-surface storage data from a mountain catchment in the rain-snow transition zone.
=264  \1$a[Place of publication not identified] :$bPublishing Network for Geoscientific and Environmental Data,$c2011.
=300  \\$a1 online resource
=336  \\$acomputer dataset$2rdacontent
=336  \\$atext$2rdacontent
=337  \\$acomputer$2rdamedia
=338  \\$aonline resource$2rdacarrier
=506  \\$aData are free to access.
=516  \\$atext/plain.
=520  3\$aA hydroclimatic dataset for the entire 2011 water year. Standard meteorological and snow cover data, including several rain-on-snow events. Meteorological data include continuous hourly shielded, unshielded, and wind corrected precipitation, wind speed, air temperature, relative humidity, dew point temperature, and incoming solar and thermal radiation data. Sub-surface data included are hourly soil moisture data from multiple depths from 7 soil profiles within the catchment, and soil temperatures from multiple depths from 2 soil profiles. Hydrologic response data include hourly stream discharge from the catchment outlet weir, continuous snow depths from one location, intermittent snow depths from 5 locations, and snow depth and density data from ten weekly snow surveys.
=540  \\$aA version of Science or Creative Commons.
=584  \\$aAccepting data submissions: No.
=588  \\$aDescription based on contents viewed on December 9 ; title from database Web page.
=650  \0$aMeteorology$vObservations.
=650  \0$aSoils$vObservations.
=650  \0$aSnow$vObservations.
=653  2\$aFlooding
=655  \7$aDataset.$2local
=655  \7$aObservational data.$2local
=655  \7$aMonitoring data.$2local
=690  7\$aResearch Datasets Collection$2blcoll
=700  1\$aKormos, Patrick R.$q(Patrick Richard).
=700  1\$aMarks, Danny.
=700  1\$aWilliams, C. Jason.
=856  40$uhttp://doi.org/10.1594/PANGAEA.819837$yResearch Datasets Collection
=859  \\$aXLD$bdatasets
=985  \\$a710/2 = new hdg.
=CAT  \\$aRESDATASET$b00$c20140822$lBLL01$h1346
=CAT  \\$a11279$b40$c20140901$lBLL01$h1712
=CAT  \\$a7332$b40$c20141209$lBLL01$h1310
=CAT  \\$aW1606-1753$c20171028$lBLL01$h1603
=CAT  \\$aBATCH-UPD$b00$c20171028$lBLL01$h1604
=FIN  \\$aY$d20141209
=SRC  \\$aBLDatasets$bdatasets20140822.xml
=LAS  \\$aBATCH-UPD$b00$c20171028$lBLL01$h1604

