=LDR  02690 mm a2200553 i 4500
=001  016834923
=003  Uk
=005  20150119085628.0
=006  s||\d|||||||0\\\a2
=007  cr\|||||||||||
=008  140822s2012\\\\enk\\\\\o\\j\\\\\\\\eng\\
=FMT  \\$a  CF
=024  7\$astm20140338d$2local
=040  \\$aUk$beng$cUk$erda
=042  \\$aukblsr
=082  04$a551.48$223
=245  00$aFuture flows climate data.
=246  3\$aFF-HadRM3-PPE
=264  \1$a[Wallingford] :$bCentre for Ecology and Hydrology,$c2012.
=300  \\$a1 online resource
=336  \\$acomputer dataset$2rdacontent
=336  \\$atext$2rdacontent
=337  \\$acomputer$2rdamedia
=338  \\$aonline resource$2rdacarrier
=506  \\$aUsers must register to access data.
=516  \\$aNetCDF.
=518  \\$d1950 January 1-2098 December 31.
=520  3\$aThis dataset was developed as part of the project ''Future Flows and Groundwater Levels'' funded by the Environment Agency for England and Wales, Defra, UK Water Research Industry, NERC (Centre for Ecology and Hydrology and British Geological Survey) and Wallingford HydroSolutions.It provides climate change projections for the whole of Great Britain at both space and time resolutions appropriate for hydrological applications, and to enable climate change uncertainty and climate variability to be accounted for in the assessment of their possible impacts on the environment.The dataset provides transient projections from January 1950 to December 2098. Further information: doi:10.5194/essd-4-143-2012.
=540  \\$aUsers must read the terms and conditions before use: http://eidchub.ceh.ac.uk/administration-folder/tools/ceh-standard-licence-texts/future-flows-click-through/plain.
=584  \\$aAccepting data submissions: no.
=588  \\$aDescription based on contents viewed on December 10 ; title from database Web page.
=650  \0$aHydrology$vObservations.
=653  \\$aClimatology
=653  2\$aLiving With Environmental Change
=653  2\$aFlooding
=655  \7$aDataset.$2local
=655  \7$aModelled data.$2local
=690  7\$aResearch Datasets Collection$2blcoll
=856  40$uhttp://doi.org/10.5285/bad1514f-119e-44a4-8e1e-442735bb9797$yResearch Datasets Collection
=859  \\$aXLD$bdatasets
=CAT  \\$aRESDATASET$b00$c20140822$lBLL01$h1346
=CAT  \\$a11279$b40$c20140901$lBLL01$h1713
=CAT  \\$a7332$b40$c20141210$lBLL01$h0803
=CAT  \\$a7332$b40$c20141210$lBLL01$h0825
=CAT  \\$a7332$b40$c20150119$lBLL01$h0856
=CAT  \\$aW1606-1753$c20171028$lBLL01$h1603
=FIN  \\$aY$d20141210
=SRC  \\$aBLDatasets$bdatasets20140822.xml
=LAS  \\$aW1606-1753$b00$c20171028$lBLL01$h1603

