=LDR  02252 mm a2200553 i 4500
=001  016834924
=003  Uk
=005  20150119085421.0
=006  s||\d|||||||0\\\a2
=007  cr\|||||||||||
=008  140822s2006\\\\xx\\\\\\o\\j\\\\\\\\eng\\
=FMT  \\$a  CF
=024  7\$astm20140338e$2local
=040  \\$aUk$beng$cUk$erda
=042  \\$aukblsr
=082  04$a551.4686$223
=245  00$aOrganic geochemistry of water and bottom sediments during a seasonal flood in 2006 in the North Dvina River estuary.
=264  \1$a[Place of publication not identified] :$bPublishing Network for Geoscientific and Environmental Data,$c2006.
=300  \\$a1 online resource
=336  \\$acomputer dataset$2rdacontent
=336  \\$atext$2rdacontent
=337  \\$acomputer$2rdamedia
=338  \\$aonline resource$2rdacarrier
=506  \\$aData are free to access.
=516  \\$atext/plain.
=520  3\$aThis dataset relates to the Archive of Ocean Data (ARCOD). It provides two datasets from the Northern Russian region. Data on the geochemistry of water and bottom sediment during this flood event is provided.
=540  \\$aA version of Science or Creative Commons.
=584  \\$aAccepting data submissions: no.
=588  \\$aDescription based on contents viewed on December 10 ; title from database Web page.
=650  \0$aGeochemistry$zRussia (Federation).$zNorthern Dvina River.
=650  \0$aMarine sediments$zRussia (Federation).$zNorthern Dvina River.
=653  \\$aChemistry
=653  \\$aGeology
=653  2\$aFlooding
=655  \7$aDataset.$2local
=655  \7$aObservational data.$2local
=690  7\$aResearch Datasets Collection$2blcoll
=700  1\$aNemirovskai͡a, I. A.$q(Inna Abramovna).
=856  40$uhttp://doi.org/10.1594/PANGAEA.790780$yResearch Datasets Collection
=859  \\$aXLD$bdatasets
=CAT  \\$aRESDATASET$b00$c20140822$lBLL01$h1346
=CAT  \\$a11279$b40$c20140901$lBLL01$h1713
=CAT  \\$a7332$b40$c20141210$lBLL01$h0843
=CAT  \\$a7332$b40$c20150119$lBLL01$h0854
=CAT  \\$aW1606-1753$c20171028$lBLL01$h1603
=CAT  \\$aBATCH-UPD$b00$c20171028$lBLL01$h1604
=FIN  \\$aY$d20141210
=SRC  \\$aBLDatasets$bdatasets20140822.xml
=LAS  \\$aBATCH-UPD$b00$c20171028$lBLL01$h1604

