=LDR  02590 mm a2200529 i 4500
=001  016834925
=003  Uk
=005  20141118112937.0
=006  s||\d|||||||0\\\a2
=007  cr\|||||||||||
=008  140822s2005\\\\xxu\\\\\o\\j\\\\\\\\eng\\
=FMT  \\$a  CF
=024  7\$astm20140338f$2local
=040  \\$aUk$beng$cUk$erda
=042  \\$aukblsr
=082  04$a363.3493$223
=245  00$aNatural Disaster Hotspots.$pGlobal Flood Hazard Frequency and Distribution.
=246  3\$aGlobal Flood Hazard Frequency and Distribution
=264  \1$a[United States] :$bSocioeconomic Data and Applications Center,$c2005.
=300  \\$a1 online resource
=336  \\$acomputer dataset$2rdacontent
=336  \\$atext$2rdacontent
=337  \\$acomputer$2rdamedia
=338  \\$aonline resource$2rdacarrier
=506  \\$aData are free to access.
=516  \\$aapplication/pdf; image/png.
=518  \\$d1985-2003.
=520  3\$aGlobal Flood Hazard Frequency and Distribution is a 2.5 minute grid derived from a global listing of extreme flood events between 1985 and 2003 (poor or missing data in the early/mid 1990s) compiled by Dartmouth Flood Observatory and georeferenced to the nearest degree. The resultant flood frequency grid was then classified into 10 classes of approximately equal number of grid cells. The greater the grid cell value in the final data set, the higher the relative frequency of flood occurrence. This data set is the result of collaboration among the Columbia University Center for Hazards and Risk Research (CHRR) and Columbia University Center for International Earth Science Information Network (CIESIN).
=540  \\$aNot stated.
=584  \\$aAccepting data submissions: No.
=588  \\$aDescription based on version 1 viewed on November 18, 2014; title from Webpage.
=650  \0$aFloods.
=653  2\$aFlooding
=655  \7$aDataset.$2local
=655  \7$aReference data.$2local
=690  7\$aResearch Datasets Collection$2blcoll
=710  2\$aSocioeconomic Data and Applications Center.
=710  2\$aCenter for Hazards and Risk Research.
=710  2\$aCenter for International Earth Science Information Network.
=856  40$uhttp://sedac.ciesin.columbia.edu/data/set/ndh-flood-hazard-frequency-distribution$yResearch Datasets Collection
=859  \\$aXLD$bdatasets
=CAT  \\$aRESDATASET$b00$c20140822$lBLL01$h1346
=CAT  \\$a7332$b40$c20141118$lBLL01$h1129
=CAT  \\$aW1606-1753$c20171028$lBLL01$h1603
=FIN  \\$aY$d20141118
=SRC  \\$aBLDatasets$bdatasets20140822.xml
=LAS  \\$aW1606-1753$b00$c20171028$lBLL01$h1603

