=LDR  03178 mm a2200565 i 4500
=001  016834926
=003  Uk
=005  20141118113103.0
=006  s||\d|||||||0\\\a2
=007  cr\|||||||||||
=008  140822s2005\\\\xxu\\\\\o\\j\\\\\\\\eng\\
=FMT  \\$a  CF
=024  7\$astm20140338g$2local
=040  \\$aUk$beng$cUk$erda
=042  \\$aukblsr
=082  04$a363.3493$223
=245  00$aNatural Disaster Hotspots.$pGlobal Flood Mortality Risks and Distribution.
=246  3\$aGlobal Flood Mortality Risks and Distribution
=264  \1$a[United States] :$bSocioeconomic Data and Applications Center,$c2005.
=300  \\$a1 online resource
=336  \\$acomputer dataset$2rdacontent
=336  \\$atext$2rdacontent
=337  \\$acomputer$2rdamedia
=338  \\$aonline resource$2rdacarrier
=506  \\$aData are free to access.
=516  \\$aapplication/pdf; image/png.
=518  \\$d2000.
=520  3\$aGlobal Flood Mortality Risks and Distribution is a 2.5 minute grid of global flood mortality risks. Gridded Population of the World, Version 3 (GPWv3) data provided a baseline population per grid cell from which to estimate potential mortality risks due to flood hazard. Mortality loss estimates per flood event are calculated using regional, hazard-specific mortality records of the Emergency Events Database (EM-DAT) that span the 20 years between 1981 and 2000. Data regarding the frequency and distribution of flood hazard are obtained from the Global Flood Hazard Frequency and Distribution data set. In order to more accurately reflect the confidence associated with the data and the procedures, the potential mortality estimate range is classified into deciles, 10 classes of increasing hazard with an approximately equal number of grid cells per class, producing a relative estimate of flood-based mortality risks. This data set is the result of collaboration among the Columbia University Center for Hazards and Risk Research (CHRR), International Bank for Reconstruction and Development/The World Bank, and Columbia University Center for International Earth Science Information Network (CIESIN).
=540  \\$aNot stated.
=584  \\$aAccepting data submissions: No.
=588  \\$aDescription based on version 1 viewed on November 18, 2014; title from Webpage.
=650  \0$aFloods.
=650  \0$aDrowning victims.
=653  2\$aFlooding
=655  \7$aDataset.$2local
=655  \7$aReference data.$2local
=690  7\$aResearch Datasets Collection$2blcoll
=710  2\$aCenter for Hazards and Risk Research.
=710  2\$aWorld Bank.
=710  2\$aCenter for International Earth Science Information Network.
=856  40$uhttp://sedac.ciesin.columbia.edu/data/set/ndh-flood-mortality-risks-distribution$yResearch Datasets Collection
=859  \\$aXLD$bdatasets
=CAT  \\$aRESDATASET$b00$c20140822$lBLL01$h1346
=CAT  \\$a11279$b40$c20140901$lBLL01$h1714
=CAT  \\$a7332$b40$c20141118$lBLL01$h1117
=CAT  \\$a7332$b40$c20141118$lBLL01$h1131
=CAT  \\$aW1606-1753$c20171028$lBLL01$h1603
=FIN  \\$aY$d20141118
=SRC  \\$aBLDatasets$bdatasets20140822.xml
=LAS  \\$aW1606-1753$b00$c20171028$lBLL01$h1603

