=LDR  03274 mm a2200577 i 4500
=001  016834929
=003  Uk
=005  20141118113212.0
=006  s||\d|||||||0\\\a2
=007  cr\|||||||||||
=008  140822s2005\\\\xxu\\\\\o\\j\\\\\\\\eng\\
=FMT  \\$a  CF
=024  7\$astm20140338j$2local
=040  \\$aUk$beng$cUk$erda
=042  \\$aukblsr
=082  04$a363.3493$223
=245  00$aNatural Disaster Hotspots.$pGlobal Flood Proportional Economic Loss Risk Deciles.
=246  3\$aGlobal Flood Proportional Economic Loss Risk Deciles
=264  \1$a[United States] :$bSocioeconomic Data and Applications Center,$c2005.
=300  \\$a1 online resource
=336  \\$acomputer dataset$2rdacontent
=336  \\$atext$2rdacontent
=337  \\$acomputer$2rdamedia
=338  \\$aonline resource$2rdacarrier
=506  \\$aData are free to access.
=516  \\$atext/html; text/xml, text/plain.
=518  \\$d2000.
=520  3\$aGlobal Flood Proportional Economic Loss Risk Deciles is a 2.5 minute grid of flood hazard economic loss as proportions of Gross Domestic Product (GDP) per analytical unit. Estimates of GDP at risk are based on regional economic loss rates derived from historical records of the Emergency Events Database (EM-DAT). Loss rates are weighted by the hazard's frequency and distribution. The methodology of Sachs et al. (2003) is followed to determine baseline estimates of GDP per grid cell. To better reflect the confidence surrounding the data and procedures, the range of proportionalities is classified into deciles, 10 class of an approximately equal number of grid cells of increasing risk. This data set is the result of collaboration among the Columbia University Center for Hazards and Risk Research (CHRR), International Bank for Reconstruction and Development/The World Bank, and Columbia University Center for International Earth Science Information Network (CIESIN).
=540  \\$aThe Trustees of Columbia University in the City of New York, Center for Hazards and Risk Research (CHRR), and International Bank for Reconstruction and Development/The World Bank hold the copyright of this data set.
=584  \\$aAccepting data submissions: no.
=588  \\$aDescription based on version 1 viewed on November 18, 2014; title from Webpage.
=650  \0$aFloods$xEconomic aspects.
=650  \0$aFood supply.
=653  2\$aFlooding
=655  \7$aDataset.$2local
=655  \7$aReference data.$2local
=690  7\$aResearch Datasets Collection$2blcoll
=710  2\$aSocioeconomic Data and Applications Center.
=710  2\$aCenter for Hazards and Risk Research.
=710  2\$aCenter for International Earth Science Information Network.
=856  40$uhttp://sedac.ciesin.columbia.edu/data/set/ndh-flood-proportional-economic-loss-risk-deciles$yResearch Datasets Collection
=859  \\$aXLD$bdatasets
=CAT  \\$aRESDATASET$b00$c20140822$lBLL01$h1346
=CAT  \\$a11279$b40$c20140901$lBLL01$h1714
=CAT  \\$a7332$b40$c20141118$lBLL01$h0958
=CAT  \\$a7332$b40$c20141118$lBLL01$h1046
=CAT  \\$a7332$b40$c20141118$lBLL01$h1132
=CAT  \\$aW1606-1753$c20171028$lBLL01$h1603
=FIN  \\$aY$d20141118
=SRC  \\$aBLDatasets$bdatasets20140822.xml
=LAS  \\$aW1606-1753$b00$c20171028$lBLL01$h1603

