=LDR  03937 mm a2200589 i 4500
=001  016834930
=003  Uk
=005  20141125125937.0
=006  s||\d|||||||0\\\a2
=007  cr\|||||||||||
=008  140822s2005\\\\xxu\\\\\o\\j\\\\\\\\eng\\
=FMT  \\$a  CF
=024  7\$astm20140338k$2local
=040  \\$aUk$beng$cUk$erda
=042  \\$aukblsr
=082  04$a363.3493$223
=245  00$aNatural Disaster Hotspots.$pGlobal Flood Total Economic Loss Risk Deciles.
=246  3\$aGlobal Flood Total Economic Loss Risk Deciles
=264  \1$a[United States] :$bSocioeconomic Data and Applications Center,$c2005.
=300  \\$a1 online resource
=336  \\$acomputer dataset$2rdacontent
=336  \\$atext$2rdacontent
=337  \\$acomputer$2rdamedia
=338  \\$aonline resource$2rdacarrier
=506  \\$aData are free to access.
=516  \\$atext/html; text/xml, text/plain.
=520  3\$aGlobal Flood Total Economic Loss Risk Deciles is a 2.5 minute grid of global flood total economic loss risks. A process of spatially allocating Gross Domestic Product (GDP) based upon the Sachs et al. (2003) methodology is utilized. First the proportional contributions of subnational units to their respective national GDP are determined using sources of various origins. The contribution rates are then applied to published World Bank Development Indicators to determine a GDP value for the subnational unit. Once the national GDP has been spatially stratified into the smallest administrative units available, GDP values for grid cells are derived using Gridded Population of the World, Version 3 (GPWv3) data of population distributions. A per capita contribution value is determined within each subnational unit, and this value is multiplied by the population per grid cell. Once a GDP value has been determined on a per grid cell basis, then the regionally variable loss rate as derived from the historical records of EM-DAT is used to determine the total economic loss risks posed to a grid cell by flood hazards. The final surface does not present absolute values of total economic loss, but rather a relative decile (1-10 with increasing risk) ranking of grid cells based upon the calculated economic loss risks. This data set is the result of collaboration among the Columbia University Center for Hazards and Risk Research (CHRR), International Bank for Reconstruction and Development/The World Bank, and Columbia University Center for International Earth Science Information Network (CIESIN).
=540  \\$aThe Trustees of Columbia University in the City of New York, Center for Hazards and Risk Research (CHRR), and International Bank for Reconstruction and Development/The World Bank hold the copyright of this data set.
=584  \\$aAccepting data submissions: No.
=588  \\$aDescription based on version 1 viewed on November 18, 2014; title from Webpage.
=650  \0$aFloods$xEconomic aspects.
=650  \0$aFood supply.
=653  2\$aFlooding
=655  \7$aDataset.$2local
=655  \7$aReference data.$2local
=690  7\$aResearch Datasets Collection$2blcoll
=710  2\$aSocioeconomic Data and Applications Center.
=710  2\$aCenter for Hazards and Risk Research.
=710  2\$aCenter for International Earth Science Information Network.
=710  2\$aWorld Bank.
=856  40$uhttp://sedac.ciesin.columbia.edu/data/set/ndh-flood-total-economic-loss-risk-deciles$yResearch Datasets Collection
=859  \\$aXLD$bdatasets
=CAT  \\$aRESDATASET$b00$c20140822$lBLL01$h1346
=CAT  \\$a11279$b40$c20140901$lBLL01$h1715
=CAT  \\$a7332$b40$c20141118$lBLL01$h0947
=CAT  \\$a7332$b40$c20141118$lBLL01$h1045
=CAT  \\$a7332$b40$c20141118$lBLL01$h1132
=CAT  \\$a7332$b40$c20141125$lBLL01$h1259
=CAT  \\$aW1606-1753$c20171028$lBLL01$h1603
=FIN  \\$aY$d20141118
=SRC  \\$aBLDatasets$bdatasets20140822.xml
=LAS  \\$aW1606-1753$b00$c20171028$lBLL01$h1603

