=LDR  02211 mi a2200565 i 4500
=001  016834934
=003  Uk
=005  20141125133710.0
=006  s||\d|||||||0\\\a2
=007  cr\|||||||||||
=008  140822c19999999xxu\\\\\o\\j\\\\\\\\eng\\
=FMT  \\$a  CF
=024  7\$astm20140338o$2local
=040  \\$aUk$beng$cUk$erda
=042  \\$aukblsr
=082  04$a551.645$223
=245  00$aStorm Prediction Center Storm Reports.
=264  \1$aNorman :$bNOAA/ National Weather Service, National Centers for Environmental Prediction, Storm Prediction Center,$c1999-
=300  \\$a1 online resource
=336  \\$acomputer dataset$2rdacontent
=336  \\$atext$2rdacontent
=337  \\$acomputer$2rdamedia
=338  \\$aonline resource$2rdacarrier
=506  \\$aData are free to access.
=516  \\$atext/html; image/gif; text/csv.
=520  3\$aCurrent storm reports available for the United States. All of the reports should be considered preliminary and should be treated as such. Storm reports for tornado; hail and wind data are also available for the last 7 days.
=540  \\$aNot stated.
=584  \\$aAccepting data submissions: No.
=588  \\$aDescription based on contents viewed on November 18, 2014; title from Webpage.
=522  \\$aUnited States.
=650  \0$aSevere storms$zUnited States$xForecasting.
=650  \0$aNatural disaster warning systems$zUnited States.
=650  \0$aStorms$zUnited States$xForecasting.
=650  \0$aMeteorological services$zUnited States.
=653  2\$aFlooding
=655  \7$aDataset.$2local
=655  \7$aModelled data.$2local
=655  \7$aReference data.$2local
=690  7\$aResearch Datasets Collection$2blcoll
=710  2\$aStorm Prediction Center (U.S.)
=856  40$uhttp://www.spc.noaa.gov/climo/$yResearch Datasets Collection
=859  \\$aXLD$bdatasets
=CAT  \\$aRESDATASET$b00$c20140822$lBLL01$h1346
=CAT  \\$a11279$b40$c20140901$lBLL01$h1717
=CAT  \\$a7332$b40$c20141118$lBLL01$h0840
=CAT  \\$a7332$b40$c20141125$lBLL01$h1337
=CAT  \\$aW1606-1753$c20171028$lBLL01$h1603
=FIN  \\$aY$d20141118
=SRC  \\$aBLDatasets$bdatasets20140822.xml
=LAS  \\$aW1606-1753$b00$c20171028$lBLL01$h1603

