=LDR  02074 mi a2200553 i 4500
=001  016834935
=003  Uk
=005  20141118071548.0
=006  s||\d|||||||0\\\a2
=007  cr\|||||||||||
=008  140822c20uu9999cc\\\\\\o\\j\\\\\\\\eng\\
=FMT  \\$a  CF
=024  7\$astm20140404a$2local
=040  \\$aUk$beng$cUk$erda
=042  \\$aukblsr
=082  04$a572.865$223
=245  00$aEpimiR.
=264  \1$aHarbin :$bHarbin Medical University
=300  \\$a1 online resource
=336  \\$acomputer dataset$2rdacontent
=336  \\$atext$2rdacontent
=337  \\$acomputer$2rdamedia
=338  \\$aonline resource$2rdacarrier
=506  \\$aData are free to access.
=510  0\$uhttp://doi.org/10.1093/database/bau023
=520  3\$aProvides data to investigate the regulatory relationships between epigenetic and miRNA gene regulation. Data includes miRNAs from across model organisms (Mus musculus, Rattus norvegicus, Gallus gallus, Arabidopsis thaliana), humans, Epstein Barr virus and Canis familiaris.
=540  \\$aNot stated.
=584  \\$aData were extracted from the literature and further data can be submitted by researchers.
=588  \\$aDescription based on contents viewed on November 18, 2014; title from Webpage.
=584  \\$aAccepting data submissions: Yes.
=650  \0$aEpigenetics.
=650  \0$aMitochondrial DNA.
=650  \0$aGenetic regulation.
=653  \\$aGenetic Processes
=653  2\$aModel Organisms
=655  \7$aDataset.$2local
=655  \7$aExperimental data.$2local
=655  \7$aReference data.$2local
=690  7\$aResearch Datasets Collection$2blcoll
=710  2\$aHarbin Medical University.
=856  40$uhttp://202.97.205.78:8080/EpimiR/$yResearch Datasets Collection
=859  \\$aXLD$bdatasets
=985  \\$a710 = new hdg.
=CAT  \\$aRESDATASET$b00$c20140822$lBLL01$h1346
=CAT  \\$a7332$b40$c20141118$lBLL01$h0715
=CAT  \\$aW1606-1753$c20171028$lBLL01$h1603
=FIN  \\$aY$d20141118
=SRC  \\$aBLDatasets$bdatasets20140822.xml
=LAS  \\$aW1606-1753$b00$c20171028$lBLL01$h1603

