=LDR  02295 mi a2200553 i 4500
=001  016834936
=003  Uk
=005  20141210103459.0
=006  s||\d|||||||0\\\a2
=007  cr\|||||||||||
=008  140822c20149999sa\\\\\\o\\j\\\\\\\\eng\\
=FMT  \\$a  CF
=024  7\$astm20140414a$2local
=040  \\$aUk$beng$cUk$erda
=042  \\$aukblsr
=082  04$a551.6968$223
=245  00$aSA Risk and Vulnerability Atlas :$bElectronic Spatial Database.
=246  3\$aSARVA
=264  \1$a[South Africa] :$bSouth African Earth Observation Network,$c2014-
=300  \\$a1 online resource
=336  \\$acomputer dataset$2rdacontent
=336  \\$atext$2rdacontent
=337  \\$acomputer$2rdamedia
=338  \\$aonline resource$2rdacarrier
=506  \\$aData are free to access.
=516  \\$aapplication/vnd.google-earth.kml+xml; ESRI shapefile; GeoTIFF.
=520  3\$aMaps the risk of environmental deterioration due to global change across the south of the African continent. Themes covered include agriculture, biodiversity, air quality, environmental health, surface and groundwater, oceans and coasts and climate. Data is accessed by theme and can be downloaded from map view.
=540  \\$aA version of creative commons.
=584  \\$aAccepting data submissions: No.
=588  \\$aDescription based on contents viewed on December 10 ; title from database Web page.
=650  \0$aClimatic changes$xRisk management$zSouth Africa.
=650  \0$aClimatic changes$xSocial aspects$zSouth Africa.
=650  \0$aClimatic changes$zSouth Africa.
=653  \\$aNatural Hazards
=653  2\$aLiving With Environmental Change
=653  2\$aFlooding
=655  \7$aDataset.$2local
=655  \7$aObservational data.$2local
=690  7\$aResearch Datasets Collection$2blcoll
=710  2\$aSouth African Council for Scientific and Industrial Research.
=856  40$uhttp://sarva.dirisa.org/resources$yResearch Datasets Collection
=859  \\$aXLD$bdatasets
=CAT  \\$aRESDATASET$b00$c20140822$lBLL01$h1346
=CAT  \\$a11279$b40$c20140901$lBLL01$h1717
=CAT  \\$a7332$b40$c20141210$lBLL01$h1034
=CAT  \\$aW1606-1753$c20171028$lBLL01$h1603
=FIN  \\$aY$d20141210
=SRC  \\$aBLDatasets$bdatasets20140822.xml
=LAS  \\$aW1606-1753$b00$c20171028$lBLL01$h1603

