=LDR  02118 mi a2200529 i 4500
=001  016834937
=003  Uk
=005  20141117135915.0
=006  s||\d|||||||0\\\a2
=007  cr\|||||||||||
=008  140822c20139999sw\\\\\\o\\j\\\\\\\\eng\\
=FMT  \\$a  CF
=024  7\$astm20140414b$2local
=040  \\$aUk$beng$cUk$erda
=042  \\$aukblsr
=082  04$a551.48094$223
=245  00$aEuropean hydrological predictions for the environment.
=264  \1$aNorrköping :$bSwedish Meteorological and Hydrological Institute,$c2013-
=300  \\$a1 online resource
=336  \\$acomputer dataset$2rdacontent
=336  \\$atext$2rdacontent
=337  \\$acomputer$2rdamedia
=338  \\$aonline resource$2rdacarrier
=506  \\$aData are free to access.
=516  \\$aapplication/msexcel.
=520  3\$aModelled data for the entire European coastline, covering hydrological and nutrient variables. The data are generated by Pan-European hydrological model (E-HYPE). Data are selected per-basin in a map view and can then be downloaded or visualised online.
=540  \\$aNot stated.
=584  \\$aAccepting data submissions: No.
=588  \\$aDescription based on contents viewed on November 17, 2014; title from home page.
=650  \0$aHydrology$zEurope$vObservations.
=650  \0$aHydrology$zEurope$vMaps.
=653  \\$aHydrological Hazards
=653  2\$aLiving With Environmental Change
=653  2\$aFlooding
=655  \7$aDataset.$2local
=655  \7$aModelled data.$2local
=690  7\$aResearch Datasets Collection$2blcoll
=710  2\$aSveriges meteorologiska och hydrologiska institut.
=856  40$uhttp://www.smhi.se/en/2.575/Hydrology/european-hydrological-predictions-for-the-environment-1.12711$yResearch Datasets Collection
=859  \\$aXLD$bdatasets
=CAT  \\$aRESDATASET$b00$c20140822$lBLL01$h1346
=CAT  \\$a11279$b40$c20140901$lBLL01$h1717
=CAT  \\$a7332$b40$c20141117$lBLL01$h1359
=CAT  \\$aW1606-1753$c20171028$lBLL01$h1603
=FIN  \\$aY$d20141117
=SRC  \\$aBLDatasets$bdatasets20140822.xml
=LAS  \\$aW1606-1753$b00$c20171028$lBLL01$h1603

