=LDR  02048 mm a2200553 i 4500
=001  016834938
=003  Uk
=005  20141117130030.0
=006  s||\d|||||||0\\\a2
=007  cr\|||||||||||
=008  140822s2004\\\\xxu\\\\\o\\j\\\\\\\\eng\\
=FMT  \\$a  CF
=024  7\$astm20140414c$2local
=040  \\$aUk$beng$cUk$erda
=042  \\$aukblsr
=082  04$a333.918$223
=245  00$aGlobal Lakes and Wetlands Database.
=264  \1$aWashington DC :$bWorld Wildlife Fund,$c2004.
=300  \\$a1 online resource
=336  \\$acomputer dataset$2rdacontent
=336  \\$atext$2rdacontent
=337  \\$acomputer$2rdamedia
=338  \\$aonline resource$2rdacarrier
=506  \\$aData are free to access.
=516  \\$aShapefile.
=520  3\$aGeospatial data for global lakes and wetlands, provided free for research, conservation and teaching purposes. Data is available in three levels: large lakes and reservoirs; smaller water bodies; and wetlands.
=540  \\$aNot stated.
=584  \\$aAccepting data submissions: No.
=588  \\$aDescription based on contents viewed on November 17, 2014; title from Webpage.
=650  \0$aLakes$vDatabases.
=650  \0$aWetlands$vDatabases.
=653  \\$aLakes
=653  2\$aLiving With Environmental Change
=653  2\$aFlooding
=655  \7$aDataset.$2local
=655  \7$aReference data.$2local
=690  7\$aResearch Datasets Collection$2blcoll
=710  2\$aWorld Wildlife Fund.
=710  2\$aUniversität Gesamthochschule Kassel.$bCenter for Environmental Systems Research.
=856  40$uhttps://worldwildlife.org/pages/global-lakes-and-wetlands-database$yResearch Datasets Collection
=859  \\$aXLD$bdatasets
=985  \\$a710/1 = new hdg.
=CAT  \\$aRESDATASET$b00$c20140822$lBLL01$h1346
=CAT  \\$a11279$b40$c20140901$lBLL01$h1718
=CAT  \\$a7332$b40$c20141117$lBLL01$h1300
=CAT  \\$aW1606-1753$c20171028$lBLL01$h1603
=FIN  \\$aY$d20141117
=SRC  \\$aBLDatasets$bdatasets20140822.xml
=LAS  \\$aW1606-1753$b00$c20171028$lBLL01$h1603

