=LDR  02520 mi a2200517 i 4500
=001  016834939
=003  Uk
=005  20141117115352.0
=006  s||\d|||||||0\\\a2
=007  cr\|||||||||||
=008  140822c20099999nz\\\\\\o\\j\\\\\\\\eng\\
=FMT  \\$a  CF
=024  7\$astm20140428a$2local
=040  \\$aUk$beng$cUk$erda
=042  \\$aukblsr
=082  04$a551.460993$223
=245  00$aCoastal and Marine Data Portal.
=264  \1$a[Auckland] :$bNational Institute of Water and Atmospheric Research,$c2009-
=300  \\$a1 online resource
=336  \\$acomputer dataset$2rdacontent
=336  \\$atext$2rdacontent
=337  \\$acomputer$2rdamedia
=338  \\$aonline resource$2rdacarrier
=506  \\$aData are free to access.
=518  \\$dNew Zealand.
=520  3\$aProvides data generated by projects that are part of the Ocean Survey 20/20 programme. The programme aims to provide New Zealand with better knowledge of its ocean territory, including it's Exclusive Economic Zone (EEZ), Continental Shelf and the Ross Sea Region. Data is available from each project: The Bay of Islands Coastal Survey - bathymetric and biological survey of the coastal waters of the Bay of Islands; Chatham / Challenger project - mapping habitats and diversity of sea-bed communities across the Chatham Rise and the Challenger Plateau; International Polar Year Census of Antarctic Marine Life (IPY-CAML) project - Marine biodiversity census of the Ross Sea; OS2020 Seismic and Multibeam - catalogue of seismic and multibeam sea floor mapping.
=540  \\$aNot stated.
=584  \\$aData are collected by OS2020 projects.
=588  \\$aDescription based on contents viewed on November 17, 2014; title from home page.
=584  \\$aAccepting data submissions: No.
=650  \0$aOceanography$zNew Zealand$vObservations.
=653  2\$aLiving With Environmental Change
=653  2\$aFlooding
=655  \7$aDataset.$2local
=655  \7$aObservational data.$2local
=690  7\$aResearch Datasets Collection$2blcoll
=710  2\$aNational Institute of Water and Atmospheric Research (N.Z.)
=856  40$uhttp://www.os2020.org.nz/$yResearch Datasets Collection
=859  \\$aXLD$bdatasets
=CAT  \\$aRESDATASET$b00$c20140822$lBLL01$h1346
=CAT  \\$a11279$b40$c20140901$lBLL01$h1718
=CAT  \\$a7332$b40$c20141117$lBLL01$h1153
=CAT  \\$aW1606-1753$c20171028$lBLL01$h1603
=FIN  \\$aY$d20141117
=SRC  \\$aBLDatasets$bdatasets20140822.xml
=LAS  \\$aW1606-1753$b00$c20171028$lBLL01$h1603

