=LDR  02107 mi a2200529 i 4500
=001  016834941
=003  Uk
=005  20141117105617.0
=006  s||\d|||||||0\\\a2
=007  cr\|||||||||||
=008  140822c20149999nz\\\\\\o\\j\\\\\\\\eng\\
=FMT  \\$a  CF
=024  7\$astm20140428c$2local
=040  \\$aUk$beng$cUk$erda
=042  \\$aukblsr
=082  04$a551.50993$223
=245  00$aNZ Historic Weather Events Catalog.
=246  3\$aNew Zealand Historic Weather Events Catalog
=264  \1$a[Auckland] :$bNational Institute of Water and Atmospheric Research,$c2014-
=300  \\$a1 online resource
=336  \\$acomputer dataset$2rdacontent
=336  \\$atext$2rdacontent
=337  \\$acomputer$2rdamedia
=338  \\$aonline resource$2rdacarrier
=506  \\$aData are free to access.
=520  3\$aReports of historic weather events in New Zealand, drawn from a range of sources including newspaper reports, databases and journals. Reports can be queried by date, area affected, hazard and impactThe catalogue contains data from the 1800s to 2000's.
=540  \\$aA version of Science or Creative Commons.
=584  \\$aAccepting data submissions: No.
=588  \\$aDescription based on contents viewed on November 17, 2014; title from home page.
=650  \0$aMeteorology$zNew Zealand$vObservations.
=650  \0$aMeteorology$zNew Zealand$xHistory.
=653  \\$aMeteorological Hazards
=653  2\$aLiving With Environmental Change
=653  2\$aFlooding
=655  \7$aDataset.$2local
=655  \7$aObservational data.$2local
=690  7\$aResearch Datasets Collection$2blcoll
=710  2\$aNational Institute of Water and Atmospheric Research (N.Z.)
=856  40$uhttp://hwe.niwa.co.nz/$yResearch Datasets Collection
=859  \\$aXLD$bdatasets
=CAT  \\$aRESDATASET$b00$c20140822$lBLL01$h1346
=CAT  \\$a11279$b40$c20140901$lBLL01$h1718
=CAT  \\$a7332$b40$c20141117$lBLL01$h1056
=CAT  \\$aW1606-1753$c20171028$lBLL01$h1603
=FIN  \\$aY$d20141117
=SRC  \\$aBLDatasets$bdatasets20140822.xml
=LAS  \\$aW1606-1753$b00$c20171028$lBLL01$h1603

