=LDR  01890 mi a2200517 i 4500
=001  016834942
=003  Uk
=005  20141117102506.0
=006  s||\d|||||||0\\\a2
=007  cr\|||||||||||
=008  140822c20139999nz\\\\\\o\\j\\\\\\\\eng\\
=FMT  \\$a  CF
=024  7\$astm20140428d$2local
=040  \\$aUk$beng$cUk$erda
=042  \\$aukblsr
=082  04$a577.630993$223
=245  00$aLakeSPI.
=246  3\$aLake Submerged Plant Indicators
=264  \1$a[Auckland] :$bNational Institute of Water and Atmospheric Research,$c2013-
=300  \\$a1 online resource
=336  \\$acomputer dataset$2rdacontent
=336  \\$atext$2rdacontent
=337  \\$acomputer$2rdamedia
=338  \\$aonline resource$2rdacarrier
=506  \\$aData are free to access.
=520  3\$aEcological assessment of New Zealand's lakes based on submerged aquatic plants. Lake report cards can be queried by lake name, type, region and size.
=540  \\$aA version of Science or Creative Commons.
=584  \\$aAccepting data submissions: No.
=588  \\$aDescription based on contents viewed on November 17, 2014; title from Webpage.
=650  \0$aLake ecology$zNew Zealand.
=650  \0$aAquatic plants$zNew Zealand.
=653  \\$aLakes (ecosystem)
=653  \\$aLakes
=653  2\$aLiving With Environmental Change
=655  \7$aDataset.$2local
=655  \7$aMonitoring data.$2local
=690  7\$aResearch Datasets Collection$2blcoll
=710  2\$aNational Institute of Water and Atmospheric Research (N.Z.)
=856  40$uhttp://lakespi.niwa.co.nz/$yResearch Datasets Collection
=859  \\$aXLD$bdatasets
=CAT  \\$aRESDATASET$b00$c20140822$lBLL01$h1346
=CAT  \\$a7332$b40$c20141117$lBLL01$h1025
=CAT  \\$aW1606-1753$c20171028$lBLL01$h1603
=FIN  \\$aY$d20141117
=SRC  \\$aBLDatasets$bdatasets20140822.xml
=LAS  \\$aW1606-1753$b00$c20171028$lBLL01$h1603

