=LDR  02072 mi a2200541 i 4500
=001  016834943
=003  Uk
=005  20141117102358.0
=006  s||\d|||||||0\\\a2
=007  cr\|||||||||||
=008  140822c20139999nz\\\\\\o\\j\\\\\\\\eng\\
=FMT  \\$a  CF
=024  7\$astm20140428f$2local
=040  \\$aUk$beng$cUk$erda
=042  \\$aukblsr
=082  04$a363.72840993$223
=245  00$aUrban Runoff Quality Information System.
=246  3\$aURQIS
=264  \1$a[Auckland] :$bNational Institute of Water and Atmospheric Research,$c2013-
=300  \\$a1 online resource
=336  \\$acomputer dataset$2rdacontent
=336  \\$atext$2rdacontent
=337  \\$acomputer$2rdamedia
=338  \\$aonline resource$2rdacarrier
=506  \\$aData are free to access.
=520  3\$aStorm drain and urban runoff quality data for New Zealand urban areas. Data can be queried by catchment area type, water type, run-off event and region. Data variables available cover physical properties, microbiolgoy, and organic and inorganic contaminents.
=540  \\$aNot stated.
=584  \\$aAccepting data submissions: No.
=588  \\$aDescription based on contents viewed on November 17, 2014; title from home page.
=650  \0$aUrban runoff$zNew Zealand.
=653  \\$aEnvironmental Impacts > Contaminants
=653  \\$aRunoff
=653  2\$aLiving With Environmental Change
=653  2\$aFlooding
=655  \7$aDataset.$2local
=655  \7$aModelled data.$2local
=690  7\$aResearch Datasets Collection$2blcoll
=710  2\$aNational Institute of Water and Atmospheric Research (N.Z.)
=856  40$uhttp://urqis.niwa.co.nz/$yResearch Datasets Collection
=859  \\$aXLD$bdatasets
=CAT  \\$aRESDATASET$b00$c20140822$lBLL01$h1346
=CAT  \\$a11279$b40$c20140901$lBLL01$h1719
=CAT  \\$a7332$b40$c20141117$lBLL01$h0952
=CAT  \\$a7332$b40$c20141117$lBLL01$h1023
=CAT  \\$aW1606-1753$c20171028$lBLL01$h1603
=FIN  \\$aY$d20141117
=SRC  \\$aBLDatasets$bdatasets20140822.xml
=LAS  \\$aW1606-1753$b00$c20171028$lBLL01$h1603

