=LDR  02693 mi a2200553 i 4500
=001  016834944
=003  Uk
=005  20141117084730.0
=006  s||\d|||||||0\\\a2
=007  cr\|||||||||||
=008  140822c20139999sa\\\\\\o\\j\\\\\\\\eng\\
=FMT  \\$a  CF
=024  7\$astm20140430a$2local
=040  \\$aUk$beng$cUk$erda
=042  \\$aukblsr
=082  04$a363.610968$223
=245  00$aStrategic Water Source Areas.
=246  3\$aSWSA
=264  \1$a[Silverton] :$bSouth African National Biodiversity Institute,$c2013-
=300  \\$a1 online resource
=336  \\$acomputer dataset$2rdacontent
=336  \\$atext$2rdacontent
=337  \\$acomputer$2rdamedia
=338  \\$aonline resource$2rdacarrier
=506  \\$aData are free to access.
=516  \\$aESRI shapefile.
=520  3\$aProvides four shapefiles defining South Africa's strategic water areas (defined as 'those areas that supply a disproportionate amount of mean annual runoff to a geographical region of interest'). The SWSA_polygon shapefile represents the polygon layer for SWSAs of South Africa, Lesotho and Swaziland. SWSAs were derived by grouping mean annual runoff in into categories representing various percentages of South Africa's water supply. Those supplying = 50% (which were represented by grid cells with = 135 mm/year) were taken to represent national Strategic Water Source Areas and converted to this polygon coverage. The SWSA_grid shapefile . The Mean Annual Run off (MAR) shapefile gives mean annual runoff for South Africa (mm/year for each 1 x 1 minute grid cell), based on disaggregating the Water Resources Assessment 2005 data (Middleton and Bailey 2009).
=540  \\$aNo copyright asserted in the data.
=584  \\$aAccepting data submissions: No.
=588  \\$aDescription based on contents viewed on November 17, 2014; title from Webpage.
=650  \0$aWater-supply$zSouth Africa.
=653  \\$aRunoff
=653  2\$aLiving With Environmental Change
=653  2\$aFlooding
=655  \7$aDataset.$2local
=655  \7$aReference data.$2local
=690  7\$aResearch Datasets Collection$2blcoll
=710  2\$aSouth African National Biodiversity Institute.
=710  2\$aKirstenbosch Research Centre.
=856  40$uhttp://bgis.sanbi.org/NFEPA/SWSAmap.asp$yResearch Datasets Collection
=859  \\$aXLD$bdatasets
=985  \\$a710/1 = new hdg.
=CAT  \\$aRESDATASET$b00$c20140822$lBLL01$h1346
=CAT  \\$a11279$b40$c20140901$lBLL01$h1719
=CAT  \\$a7332$b40$c20141117$lBLL01$h0847
=CAT  \\$aW1606-1753$c20171028$lBLL01$h1603
=FIN  \\$aY$d20141117
=SRC  \\$aBLDatasets$bdatasets20140822.xml
=LAS  \\$aW1606-1753$b00$c20171028$lBLL01$h1603

