=LDR  01835 mi a2200493 i 4500
=001  016834945
=003  Uk
=005  20141117081232.0
=006  s||\d|||||||0\\\a2
=007  cr\|||||||||||
=008  140822c20089999sa\\\\\\o\\j\\\\\\\\eng\\
=FMT  \\$a  CF
=024  7\$astm20140430b$2local
=040  \\$aUk$beng$cUk$erda
=042  \\$aukblsr
=082  04$a598.1760968$223
=245  00$aCWAC.
=246  3\$aCoordinated Waterbird Counts
=264  \1$aCape Town :$bAnimal Demography Unit, University of Cape Town,$c2008-
=300  \\$a1 online resource
=336  \\$acomputer dataset$2rdacontent
=336  \\$atext$2rdacontent
=337  \\$acomputer$2rdamedia
=338  \\$aonline resource$2rdacarrier
=506  \\$aData are free to access.
=520  3\$aData on observations of wetland birds in South Africa. Report cards can be accessed by site of interest, and a species list will navigate to sites where that species has been observed.
=540  \\$aCreators/Contributors retain copyright.
=584  \\$aAccepting data submissions: Yes.
=588  \\$aDescription based on contents viewed on November 17, 2014; title from Webpage.
=650  \0$aWetland birds$zSouth Africa.
=653  \\$aBirds
=653  2\$aLiving With Environmental Change
=655  \7$aDataset.$2local
=655  \7$aObservational data.$2local
=690  7\$aResearch Datasets Collection$2blcoll
=710  2\$aUniversity of Cape Town.$bAnimal Demography Unit.
=856  40$uhttp://cwac.adu.org.za/sites.php$yResearch Datasets Collection
=859  \\$aXLD$bdatasets
=CAT  \\$aRESDATASET$b00$c20140822$lBLL01$h1346
=CAT  \\$a7332$b40$c20141117$lBLL01$h0812
=CAT  \\$aW1606-1753$c20171028$lBLL01$h1603
=FIN  \\$aY$d20141117
=SRC  \\$aBLDatasets$bdatasets20140822.xml
=LAS  \\$aW1606-1753$b00$c20171028$lBLL01$h1603

