=LDR  01712 ai a22004095a 4500
=001  016834946
=003  Uk
=005  20140822134620.0
=006  s||\d|||||||0\\\a2
=007  cr\|||||||||||
=008  \\\\\\c\\\\9999\\\\\\\|o\\j\|\\\\\\eng\\
=FMT  \\$a  SE
=024  7\$astm20140430c$2local
=245  00$aSouthern African Bird Atlas Project 2
=246  0\$aSABP2
=260  \\$bAnimal Demography Unit, University of Cape Town
=336  \\$acomputer dataset$2rdacontent
=336  \\$atext$2rdacontent
=337  \\$acomputer$2rdamedia
=338  \\$aonline resource$2rdacarrier
=506  \\$aData are free to access.
=516  \\$atext/csv.
=520  \\$aAtlas of bird species based on observations from across the south of the African continent. Provides a map-based browse of the coverage of the South African Bird Atlas Project. Reporting areas on the map (pentads) are coded according the number of report cards available for it. Bird sightings can then be accessed via each reporting area. Pentad data can be downloaded per species.
=540  \\$aCreators/Contributors retain copyright.
=584  \\$aAccepting data submissions: No.
=653  \\$aBirds.
=653  2\$aLiving With Environmental Change
=655  \7$aDataset.$2local
=655  \7$aObservational data.$2local
=690  7\$aResearch Datasets Collection$2blcoll
=710  2\$aAnimal Demography Unit, University of Cape Town
=856  40$uhttp://sabap2.adu.org.za/coverage.php$yResearch Datasets Collection
=859  \\$aXLD$bdatasets
=CAT  \\$aRESDATASET$b00$c20140822$lBLL01$h1346
=CAT  \\$aW1606-1753$c20171028$lBLL01$h1603
=SRC  \\$aBLDatasets$bdatasets20140822.xml
=LAS  \\$aW1606-1753$b00$c20171028$lBLL01$h1603

