=LDR  01963 mi a2200517 i 4500
=001  016834947
=003  Uk
=005  20141125083920.0
=006  s||\d|||||||0\\\a2
=007  cr\|||||||||||
=008  140822c20uu9999sa\\\\\\o\\j\\\\\\\\eng\\
=FMT  \\$a  CF
=024  7\$astm20140430d$2local
=040  \\$aUk$beng$cUk$erda
=042  \\$aukblsr
=082  04$a577.630968$223
=245  00$aNational Freshwater Ecosystem Priority Areas Map.
=264  \1$a[Silverton] :$bSouth African National Biodiversity Institute
=300  \\$a1 online resource
=336  \\$acomputer dataset$2rdacontent
=336  \\$atext$2rdacontent
=337  \\$acomputer$2rdamedia
=338  \\$aonline resource$2rdacarrier
=506  \\$aData are free to access.
=516  \\$aShapefile.
=520  3\$aMap layers for wetlands, water catchment and management areas and high groundwater recharge areas. These can be downloaded from the links in the left-hand menu.
=540  \\$aNot stated.
=584  \\$aAccepting data submissions: No.
=588  \\$aDescription based on contents viewed on November 25, 2014; title from Webpage.
=650  \0$aFreshwater ecology$zSouth Africa.
=650  \0$aFreshwater ecology$zSouth Africa$vMaps.
=650  \0$aWater resources development$zSouth Africa.
=650  \0$aWater resources development$zSouth Africa$vMaps.
=653  2\$aLiving With Environmental Change
=655  \7$aDataset.$2local
=655  \7$aReference data.$2local
=690  7\$aResearch Datasets Collection$2blcoll
=710  2\$aSouth African National Biodiversity Institute.
=856  40$uhttp://bgis.sanbi.org/nfepa/NFEPAmap.asp$yResearch Datasets Collection
=859  \\$aXLD$bdatasets
=CAT  \\$aRESDATASET$b00$c20140822$lBLL01$h1346
=CAT  \\$a7332$b40$c20141125$lBLL01$h0839
=CAT  \\$aW1606-1753$c20171028$lBLL01$h1603
=FIN  \\$aY$d20141125
=SRC  \\$aBLDatasets$bdatasets20140822.xml
=LAS  \\$aW1606-1753$b00$c20171028$lBLL01$h1603

