=LDR  02325 mi a2200589 i 4500
=001  016834949
=003  Uk
=005  20141127102830.0
=006  s||\d|||||||0\\\a2
=007  cr\|||||||||||
=008  140822c20029999xxu\\\\\o\\j\\\\\\\\eng\\
=FMT  \\$a  CF
=024  7\$astm20140527c$2local
=040  \\$aUk$beng$cUk$erda
=042  \\$aukblsr
=082  04$a551.577$223
=245  00$aAdvanced Microwave Scanning Radiometer for EOS (AMSR-E) and GCOM-W (AMSR2) Rainfall Products.
=264  \1$a[Fort Collins] :$bColorado State University,$c2002-
=300  \\$a1 online resource
=336  \\$acomputer dataset$2rdacontent
=336  \\$atext$2rdacontent
=337  \\$acomputer$2rdamedia
=338  \\$aonline resource$2rdacarrier
=506  \\$aData are free to access.
=520  3\$aEstimated rainfall derived from AMSR-E instrument data using the Goddard PROFiling algorithm (GPROF). Daily and monthly gridded rainfall data are available via FTP. A tool can also be used on the website to create daily or monthly gridded rainfall images.
=540  \\$aNot stated.
=584  \\$aData are from the AMSR-E instrument on board the EOS Aqua platform.
=588  \\$aDescription based on contents viewed on November 27, 2014; title from Webpage.
=584  \\$aAccepting data submissions: No.
=650  \0$aRain and rainfall$xRemote sensing.
=650  \0$aAtmosphere$xRemote sensing.
=650  \0$aMeteorology$xRemote sensing.
=650  \0$aMicrowave remote sensing.
=650  \0$aSatellite meteorology.
=653  \\$aRain
=653  \\$aMicrowave Radiance
=653  2\$aLiving With Environmental Change
=653  2\$aFlooding
=655  \7$aDataset.$2local
=655  \7$aObservational data.$2local
=690  7\$aResearch Datasets Collection$2blcoll
=710  2\$aColorado State University.
=856  40$uhttp://rain.atmos.colostate.edu/RAINMAP10v2/amsr_description.html$yResearch Datasets Collection
=859  \\$aXLD$bdatasets
=CAT  \\$aRESDATASET$b00$c20140822$lBLL01$h1346
=CAT  \\$a11279$b40$c20140901$lBLL01$h1719
=CAT  \\$a7332$b40$c20141127$lBLL01$h0848
=CAT  \\$a7332$b40$c20141127$lBLL01$h1028
=CAT  \\$aW1606-1753$c20171028$lBLL01$h1603
=FIN  \\$aY$d20141127
=SRC  \\$aBLDatasets$bdatasets20140822.xml
=LAS  \\$aW1606-1753$b00$c20171028$lBLL01$h1603

