=LDR  01846 mi a2200529 i 4500
=001  016834951
=003  Uk
=005  20150119111248.0
=006  s||\d|||||||0\\\a2
=007  cr\|||||||||||
=008  140822c20069999ch\\\\\|\\\j\|\\\\\\eng\\
=FMT  \\$a  CF
=024  7\$astm20140527e$2local
=040  \\$aUk$beng$cUk$erda
=042  \\$aukblsr
=082  04$a551.31$223
=245  00$aWorld Data System for Cold and Arid Regions
=246  3\$aCARD
=264  \1$aLanzhou$bWorld Data System for Cold and Arid Regions,$c2006-
=300  \\$a1 online resource
=336  \\$acomputer dataset$2rdacontent
=336  \\$atext$2rdacontent
=337  \\$acomputer$2rdamedia
=338  \\$aonline resource$2rdacarrier
=506  \\$aData are free to access.
=520  3\$aProvides data on the characteristics of cold and arid regions under its remit as an ICSU World Data Centre.
=540  \\$aNot stated.
=584  \\$aAccepting data submissions: No.
=588  \\$aDescription based on contents viewed on January 19, 2015; title from database home page.
=650  \0$aFrozen ground.
=650  \0$aDeserts.
=650  \0$aCryosphere
=653  \\$aCryosphere
=653  2\$aLiving With Environmental Change
=655  \7$aDataset.$2local
=655  \7$aObservational data.$2local
=690  7\$aResearch Datasets Collection$2blcoll
=710  2\$aCold and Arid Regions Science Data Center at Lanzhou.
=856  40$uhttp://card.westgis.ac.cn/$yResearch Datasets Collection
=859  \\$aXLD$bdatasets
=985  \\$a710 = new hdg. http://databib.org/repository/945
=CAT  \\$aRESDATASET$b00$c20140822$lBLL01$h1346
=CAT  \\$a7332$b40$c20150119$lBLL01$h1112
=CAT  \\$aW1606-1753$c20171028$lBLL01$h1603
=FIN  \\$aY$d20150119
=SRC  \\$aBLDatasets$bdatasets20140822.xml
=LAS  \\$aW1606-1753$b00$c20171028$lBLL01$h1603

