=LDR  02040cmi a2200565 i 4500
=001  016834952
=003  Uk
=005  20141111112649.0
=006  s||\d|||||||0\\\a2
=007  cr\|||||||||||
=008  140822c20uu9999sw\\\\\\o\\j\\\\\\\\eng\\
=FMT  \\$a  CF
=024  7\$astm20140716a$2local
=040  \\$aUk$beng$cUk$erda
=042  \\$aukblsr
=082  04$a579.563072$223
=245  00$ayStreX.
=246  3\$aYeast stress expression database
=264  \1$a[Göteborg] :$bChalmers University of Technology
=300  \\$a1 online resource
=336  \\$acomputer dataset$2rdacontent
=336  \\$atext$2rdacontent
=337  \\$acomputer$2rdamedia
=338  \\$aonline resource$2rdacarrier
=506  \\$aData are free to access.
=510  \\$uhttp://doi.org/10.1093/database/bau068
=520  3\$aGenome wide expression data for the Saccharomyces cerevisea stress response. Data can be queried by gene name or experimental conditions.
=540  \\$aCopyright Systems and Synthetic Biology, Chalmers University of Technology.
=584  \\$aAccepting data submissions: No.
=588  \\$aDescription based on contents viewed on November 11, 2014; title from database Web page.
=650  \0$aSaccharomyces cerevisiae$xGenetics.
=650  \0$aSaccharomyces cerevisiae$xEffect of stress on.
=650  \0$aGene expression.
=653  \\$aMycology
=653  \\$aYeast
=653  \\$aGene expression
=653  2\$aModel Organisms
=655  \7$aDataset.$2local
=655  \7$aExperimental data.$2local
=690  7\$aResearch Datasets Collection$2blcoll
=710  2\$aChalmers tekniska högskola.
=856  40$uhttp://www.ystrexdb.com/$yResearch Datasets Collection
=859  \\$aXLD$bdatasets
=CAT  \\$aRESDATASET$b00$c20140822$lBLL01$h1346
=CAT  \\$a7332$b40$c20141111$lBLL01$h1126
=CAT  \\$aW1606-1753$c20171028$lBLL01$h1603
=CAT  \\$aBATCH-UPD$b00$c20230315$lBLL01$h1309
=FIN  \\$aY$d20141111
=SRC  \\$aBLDatasets$bdatasets20140822.xml
=LAS  \\$aBATCH-UPD$b00$c20230315$lBLL01$h1309

