=LDR  02072 mm a2200565 i 4500
=001  016834955
=003  Uk
=005  20141114153304.0
=006  s||\d|||||||0\\\a2
=007  cr\|||||||||||
=008  140822s2010\\\\enk\\\\\o\\j\\\\\\\\eng\\
=FMT  \\$a  CF
=024  7\$astm20140808c$2local
=040  \\$aUk$beng$cUk$erda
=042  \\$aukblsr
=082  04$a551.489$223
=245  00$aNumber of properties at risk of flooding from rivers and sea, 2011.
=264  \1$a[Great Britain] :$bEnvironment Agency,$c2010.
=300  \\$a1 online resource
=336  \\$acomputer dataset$2rdacontent
=336  \\$atext$2rdacontent
=337  \\$acomputer$2rdamedia
=338  \\$aonline resource$2rdacarrier
=506  \\$aData are free to access.
=516  \\$atext/csv.
=518  \\$d2011.
=520  3\$a2011 data on number of properties at risk of flooding from rivers and sea from the Environment Agency. Coverage: England and Wales. Source: The (EA) National Flood Risk Assessment (NaFRA) 2011.
=540  \\$aOpen Government Licence.
=584  \\$aAccepting data submissions: No.
=588  \\$aDescription based on contents viewed on November 14, 2014; title from Webpage.
=650  \0$aFloods.
=650  \0$aHousing.
=653  \\$aHousing
=653  \\$aNatural Hazards
=653  2\$aFlooding
=655  \7$aDataset.$2local
=655  \7$aMonitoring data.$2local
=655  \7$aObservational data.$2local
=690  7\$aResearch Datasets Collection$2blcoll
=710  1\$aGreat Britain.$bEnvironment Agency.
=710  1\$aGreat Britain.$bDepartment for Environment, Food & Rural Affairs.
=856  40$uhttp://data.gov.uk/dataset/number-of-properties-at-risk-of-flooding$yResearch Datasets Collection
=859  \\$aXLD$bdatasets
=CAT  \\$aRESDATASET$b00$c20140822$lBLL01$h1346
=CAT  \\$a11279$b40$c20140901$lBLL01$h1721
=CAT  \\$a7332$b40$c20141114$lBLL01$h1533
=CAT  \\$aW1606-1753$c20171028$lBLL01$h1603
=FIN  \\$aY$d20141114
=SRC  \\$aBLDatasets$bdatasets20140822.xml
=LAS  \\$aW1606-1753$b00$c20171028$lBLL01$h1603

