=LDR  02260 mi a2200505 i 4500
=001  016834956
=003  Uk
=005  20141114135910.0
=006  s||\d|||||||0\\\a2
=007  cr\|||||||||||
=008  140822c20149999enk\\\\\o\\j\\\\\\\\eng\\
=FMT  \\$a  CF
=024  7\$astm20140808d$2local
=040  \\$aUk$beng$cUk$erda
=042  \\$aukblsr
=082  04$a551.4830287$223
=245  00$aReal-time and Near-real-time river level data.
=264  \1$a[Great Britain] :$bEnvironment Agency,$c2014-
=300  \\$a1 online resource
=336  \\$acomputer dataset$2rdacontent
=336  \\$atext$2rdacontent
=337  \\$acomputer$2rdamedia
=338  \\$aonline resource$2rdacarrier
=506  \\$aUsers must register to access data.
=516  \\$aApplication Programming Interface; text/csv; text/xml.
=520  3\$aMonitoring data updated daily available for 1400 river gauging stations (where flow is also measured) and 1800 river level only monitoring sites throughout England, as well as some reservoirs and coastal sites. Data for sites in Wales is included in the OpenData feed, but is owned by Natural Resources Wales. You must get a licence from Natural Resources Wales if you wish to use any data from sites in Wales. This data is retrieved automatically and is unvalidated. Data is also available via API.
=540  \\$aOpen Government Licence.
=584  \\$aAccepting data submissions: No.
=588  \\$aDescription based on contents viewed on November 14, 2014; title from Webpage.
=650  \0$aStream measurements$zEngland.
=650  \0$aStream measurements$zWales.
=653  2\$aFlooding
=655  \7$aDataset.$2local
=655  \7$aMonitoring data.$2local
=690  7\$aResearch Datasets Collection$2blcoll
=710  1\$aGreat Britain.$bEnvironment Agency.
=856  40$uhttp://data.gov.uk/dataset/real-time-and-near-real-time-river-level-data$yResearch Datasets Collection
=859  \\$aXLD$bdatasets
=CAT  \\$aRESDATASET$b00$c20140822$lBLL01$h1346
=CAT  \\$a11279$b40$c20140901$lBLL01$h1721
=CAT  \\$a7332$b40$c20141114$lBLL01$h1359
=CAT  \\$aW1606-1753$c20171028$lBLL01$h1603
=FIN  \\$aY$d20141114
=SRC  \\$aBLDatasets$bdatasets20140822.xml
=LAS  \\$aW1606-1753$b00$c20171028$lBLL01$h1603

