=LDR  02409 mm a2200553 i 4500
=001  016834961
=003  Uk
=005  20141114083821.0
=006  s||\d|||||||0\\\a2
=007  cr\|||||||||||
=008  140822s2010\\\\enk\\\\\o\\j\\\\\\\\eng\\
=FMT  \\$a  CF
=024  7\$astm20140808i$2local
=040  \\$aUk$beng$cUk$erda
=042  \\$aukblsr
=082  04$a551.489$223
=245  00$aNI 189 - Flood and coastal erosion risk management.
=264  \1$aLondon :$bDepartment for Communities and Local Government,$c2010.
=300  \\$a1 online resource
=336  \\$acomputer dataset$2rdacontent
=336  \\$atext$2rdacontent
=337  \\$acomputer$2rdamedia
=338  \\$aonline resource$2rdacarrier
=506  \\$aData are free to access.
=516  \\$aapplication\msexcel.
=520  3\$aNational Indicator set data available from the Data Interchange Hub at the time of the Hub's final update in October 2010. NI 189: Flood and coastal erosion risk management; this National Indicator records progress on local authorities flood and coastal erosion management plans.Data available up to September 2010. The data is from the 'Data Interchange Hub'. Available is all data publically available at local authority level or above on the Hub at the time of its final updated in October 2010.
=540  \\$aOpen Government Licence.
=584  \\$aAccepting data submissions: No.
=588  \\$aDescription based on contents viewed on November 14, 2014; title from Webpage.
=650  \0$aFlood damage$xEvaluation.
=650  \0$aBeach erosion$xForecasting.
=650  \0$aCoast changes$xForecasting.
=650  \0$aRisk management.
=653  \\$aFlood control
=653  2\$aFlooding
=655  \7$aDataset.$2local
=655  \7$aReference data.$2local
=655  \7$aMonitoring data.$2local
=690  7\$aResearch Datasets Collection$2blcoll
=710  1\$aGreat Britain.$bDepartment for Communities and Local Government.
=856  40$uhttp://data.gov.uk/dataset/ni-189-flood-and-coastal-erosion-risk-management$yResearch Datasets Collection
=859  \\$aXLD$bdatasets
=CAT  \\$aRESDATASET$b00$c20140822$lBLL01$h1346
=CAT  \\$a11279$b40$c20140901$lBLL01$h1723
=CAT  \\$a7332$b40$c20141114$lBLL01$h0838
=CAT  \\$aW1606-1753$c20171028$lBLL01$h1603
=FIN  \\$aY$d20141114
=SRC  \\$aBLDatasets$bdatasets20140822.xml
=LAS  \\$aW1606-1753$b00$c20171028$lBLL01$h1603

