=LDR  01911 mm a2200553 i 4500
=001  016834962
=003  Uk
=005  20141114081130.0
=006  s||\d|||||||0\\\a2
=007  cr\|||||||||||
=008  140822s2004\\\\dk\\\\\\o\\j\\\\\\\\eng\\
=FMT  \\$a  CF
=024  7\$astm20140808j$2local
=040  \\$aUk$beng$cUk$erda
=042  \\$aukblsr
=082  04$a577.82$223
=245  00$aEcoregions for rivers and lakes.
=264  \1$aCopenhagen :$bEuropean Environment Agency,$c2004.
=300  \\$a1 online resource
=336  \\$acomputer dataset$2rdacontent
=336  \\$atext$2rdacontent
=337  \\$acomputer$2rdamedia
=338  \\$aonline resource$2rdacarrier
=506  \\$aData are free to access.
=516  \\$aapplication/zip.
=520  3\$aGIS data for European inland waters. Temporal coverage - 1978.
=540  \\$aCopyright Chris Steenmans.
=584  \\$aAccepting data submissions: No.
=588  \\$aDescription based on contents viewed on November 13, 2014; title from Webpage.
=650  \0$aBiotic communities$zEurope.
=650  \0$aLake ecology$zEurope.
=650  \0$aStream ecology$zEurope.
=653  \\$aGeography
=653  2\$aLiving With Environmental Change
=653  2\$aFlooding
=655  \7$aDataset.$2local
=655  \7$aReference data.$2local
=690  7\$aResearch Datasets Collection$2blcoll
=710  2\$aEuropean Environment Agency.
=856  40$uhttp://www.eea.europa.eu/data-and-maps/data/ecoregions-for-rivers-and-lakes$yResearch Datasets Collection
=859  \\$aXLD$bdatasets
=CAT  \\$aRESDATASET$b00$c20140822$lBLL01$h1346
=CAT  \\$a11279$b40$c20140901$lBLL01$h1724
=CAT  \\$a7332$b40$c20141113$lBLL01$h0938
=CAT  \\$a7332$b40$c20141114$lBLL01$h0811
=CAT  \\$aW1606-1753$c20171028$lBLL01$h1603
=FIN  \\$aY$d20141113
=SRC  \\$aBLDatasets$bdatasets20140822.xml
=LAS  \\$aW1606-1753$b00$c20171028$lBLL01$h1603

