=LDR  02031 mm a2200529 i 4500
=001  016834963
=003  Uk
=005  20141114081103.0
=006  s||\d|||||||0\\\a2
=007  cr\|||||||||||
=008  140822s2005\\\\dk\\\\\\o\\j\\\\\\\\eng\\
=FMT  \\$a  CF
=024  7\$astm20140808k$2local
=040  \\$aUk$beng$cUk$erda
=042  \\$aukblsr
=082  04$a551.458$223
=245  00$aHydrodynamics and Sea level rise.
=264  \1$aCopenhagen :$bEuropean Environment Agency,$c2005.
=300  \\$a1 online resource
=336  \\$acomputer dataset$2rdacontent
=336  \\$atext$2rdacontent
=337  \\$acomputer$2rdamedia
=338  \\$aonline resource$2rdacarrier
=506  \\$aData are free to access.
=516  \\$aapplication/zip.
=520  3\$aGIS data providing information on 237 locations across the European shoreline. Data covers wave and wind climate; mean tidal range and relative sea level rise.
=540  \\$aSee rights statement here: http://www.eea.europa.eu/data-and-maps/data/hydrodynamics-and-sea-level-rise#tab-metadata.
=584  \\$aAccepting data submissions: No.
=588  \\$aDescription based on contents viewed on November 13, 2014; title from Webpage.
=650  \0$aSea level$zEurope.
=653  \\$aOceanography
=653  2\$aLiving With Environmental Change
=653  2\$aFlooding
=655  \7$aDataset.$2local
=655  \7$aReference data.$2local
=690  7\$aResearch Datasets Collection$2blcoll
=710  2\$aEuropean Environment Agency.
=856  40$uhttp://www.eea.europa.eu/data-and-maps/data/hydrodynamics-and-sea-level-rise#tab-gis-data$yResearch Datasets Collection
=859  \\$aXLD$bdatasets
=CAT  \\$aRESDATASET$b00$c20140822$lBLL01$h1346
=CAT  \\$a11279$b40$c20140901$lBLL01$h1724
=CAT  \\$a7332$b40$c20141113$lBLL01$h0800
=CAT  \\$a7332$b40$c20141114$lBLL01$h0811
=CAT  \\$aW1606-1753$c20171028$lBLL01$h1603
=FIN  \\$aY$d20141113
=SRC  \\$aBLDatasets$bdatasets20140822.xml
=LAS  \\$aW1606-1753$b00$c20171028$lBLL01$h1603

