=LDR  02009 mi a2200529 i 4500
=001  016834964
=003  Uk
=005  20141114143059.0
=006  s||\d|||||||0\\\a2
=007  cr\|||||||||||
=008  140822c20149999enk\\\\\o\\j\\\\\\\\eng\\
=FMT  \\$a  CF
=024  7\$astm20140808l$2local
=040  \\$aUk$beng$cUk$erda
=042  \\$aukblsr
=082  04$a551.48$223
=245  00$aRiver and sea levels map.
=264  \1$a[Great Britain] :$bEnvironment Agency,$c2014-
=300  \\$a1 online resource
=336  \\$acomputer dataset$2rdacontent
=336  \\$atext$2rdacontent
=337  \\$acomputer$2rdamedia
=338  \\$aonline resource$2rdacarrier
=506  \\$aData are free to access.
=516  \\$atext/csv.
=520  3\$aDetails of river and sea levels stations. Further information available at: http://data.gov.uk/dataset/river-and-sea-levels-map, which links to data made available during the UK floods of 2014.
=540  \\$aOpen Government Licence.
=584  \\$aAccepting data submissions: No.
=588  \\$aDescription based on contents updated on 9 April 2014 viewed on November 14, 2014; title from home page.
=650  \0$aStream measurements$vMaps.
=650  \0$aSea level$vMaps.
=653  \\$aGeography
=653  2\$aFlooding
=655  \7$aDataset.$2local
=655  \7$aMonitoring data.$2local
=655  \7$aObservational data.$2local
=690  7\$aResearch Datasets Collection$2blcoll
=710  1\$aGreat Britain.$bEnvironment Agency.
=856  40$uhttps://www.gov.uk/government/uploads/system/uploads/attachment_data/file/302402/RLOI_Verified_National_V33_20140313.csv/preview$yResearch Datasets Collection
=859  \\$aXLD$bdatasets
=CAT  \\$aRESDATASET$b00$c20140822$lBLL01$h1346
=CAT  \\$a11279$b40$c20140901$lBLL01$h1721
=CAT  \\$a7332$b40$c20141114$lBLL01$h1430
=CAT  \\$aW1606-1753$c20171028$lBLL01$h1603
=FIN  \\$aY$d20141114
=SRC  \\$aBLDatasets$bdatasets20140822.xml
=LAS  \\$aW1606-1753$b00$c20171028$lBLL01$h1603

