=LDR  02366 mm a2200505 i 4500
=001  016834965
=003  Uk
=005  20141111103518.0
=006  s||\d|||||||0\\\a2
=007  cr\|||||||||||
=008  140822s2009\\\\xxu\\\\\o\\j\\\\\\\\eng\\
=FMT  \\$a  CF
=024  7\$astm20140819a$2local
=040  \\$aUk$beng$cUk$erda
=042  \\$aukblsr
=082  04$a363.34930973$223
=245  00$aFlood Events 2000-2009.
=264  \1$a[United States] :$bNational Oceanic and Atmospheric Administration,$c[2009?]
=300  \\$a1 online resource
=336  \\$acomputer dataset$2rdacontent
=336  \\$atext$2rdacontent
=337  \\$acomputer$2rdamedia
=338  \\$aonline resource$2rdacarrier
=506  \\$aData are free to access.
=516  \\$aapplication/vnd.google-earth.kml+xml.
=518  \\$d2000-2009.
=520  3\$aThe data was gathered from news, governmental, instrumental, and remote sensing sources by the Dartmouth Flood Observatory at the University of Colorado. The listing is comprehensive and global in scope and all of the events shown are large flood events with significant damage to structures or agriculture; fatalities; and/or at least 1 to 2 decades long reported interval since the last similar event. For more information on the data source, visit: http://floodobservatory.colorado.edu/Archives/index.html. This is a visualisation of the dataset Global Active Archive of Large Flood Events, and a Google Earth KML file is also provided for the data.
=540  \\$aNot stated.
=584  \\$aAccepting data submissions: No.
=588  \\$aDescription based on contents viewed on November 11, 2014; title from database Web page.
=650  \0$aFloods$zUnited States.
=653  2\$aFlooding
=655  \7$aDataset.$2local
=655  \7$aReference data.$2local
=690  7\$aResearch Datasets Collection$2blcoll
=710  1\$aUnited States.$bNational Oceanic and Atmospheric Administration.
=710  2\$aDartmouth Flood Observatory.
=856  40$uhttp://sos.noaa.gov/Datasets/dataset.php?id=109$yResearch Datasets Collection
=859  \\$aXLD$bdatasets
=CAT  \\$aRESDATASET$b00$c20140822$lBLL01$h1346
=CAT  \\$a7332$b40$c20141111$lBLL01$h1035
=CAT  \\$aW1606-1753$c20171028$lBLL01$h1603
=FIN  \\$aY$d20141111
=SRC  \\$aBLDatasets$bdatasets20140822.xml
=LAS  \\$aW1606-1753$b00$c20171028$lBLL01$h1603

