=LDR  01962 mi a2200505 i 4500
=001  016834966
=003  Uk
=005  20141111085600.0
=006  s||\d|||||||0\\\a2
=007  cr\|||||||||||
=008  140822c20119999xxu\\\\\o\\j\\\\\\\\eng\\
=FMT  \\$a  CF
=024  7\$astm20140819b$2local
=040  \\$aUk$beng$cUk$erda
=042  \\$aukblsr
=082  04$a551.489$223
=245  00$aFLASH.
=246  3\$aFlooded Locations And Simulated Hydrographs Project
=264  \1$a[Norman] :$bNational Oceanic and Atmospheric Administration,$c2011-
=300  \\$a1 online resource
=336  \\$acomputer dataset$2rdacontent
=336  \\$atext$2rdacontent
=337  \\$acomputer$2rdamedia
=338  \\$aonline resource$2rdacarrier
=506  \\$aData are free to access.
=516  \\$aimage/png.
=520  3\$aThis data is provided as part of the Flooded Locations and Simulated Hydrographs (FLASH) project, run by the NOAA National Severe Storms Laboratory. The data is used in forecasting and predicting flash flooding in the United States. Further information on the project can be found at https://blog.nssl.noaa.gov/flash/.
=540  \\$aNot stated.
=584  \\$aAccepting data submissions: No.
=588  \\$aDescription based on contents viewed on November 11, 2014; title from database home page.
=650  \0$aFloods$zUnited States.
=653  2\$aFlooding
=655  \7$aDataset.$2local
=655  \7$aModelled data.$2local
=690  7\$aResearch Datasets Collection$2blcoll
=710  2\$aNational Severe Storms Laboratory.
=856  40$uhttp://flash.ou.edu/$yResearch Datasets Collection
=859  \\$aXLD$bdatasets
=CAT  \\$aRESDATASET$b00$c20140822$lBLL01$h1346
=CAT  \\$a11279$b40$c20140901$lBLL01$h1724
=CAT  \\$a7332$b40$c20141111$lBLL01$h0856
=CAT  \\$aW1606-1753$c20171028$lBLL01$h1603
=FIN  \\$aY$d20141111
=SRC  \\$aBLDatasets$bdatasets20140822.xml
=LAS  \\$aW1606-1753$b00$c20171028$lBLL01$h1603

