=LDR  02102 mi a2200505 i 4500
=001  016834967
=003  Uk
=005  20141111081256.0
=006  s||\d|||||||0\\\a2
=007  cr\|||||||||||
=008  140822c20139999enk\\\\\o\\j\\\\\\\\eng\\
=FMT  \\$a  CF
=024  7\$astm20140819c$2local
=040  \\$aUk$beng$cUk$erda
=042  \\$aukblsr
=082  04$a551.50941$223
=245  00$aWeather Extremes.
=264  \1$a[Exeter] :$bMet Office,$c2013-
=300  \\$a1 online resource
=336  \\$acomputer dataset$2rdacontent
=336  \\$atext$2rdacontent
=337  \\$acomputer$2rdamedia
=338  \\$aonline resource$2rdacarrier
=506  \\$aUsers must register to access data.
=516  \\$atext/html.
=520  3\$aData is made available by the Met Office via the Datapoint service. Tables show the UK's national weather record. Data provided for the highest and lowest daily maximum and minimum temperature; highest 24-hour rainfall totals and longest period of UK rainfaull for consecurative and short durations. Data are available from historical records and are updated monthly.
=540  \\$aUK Open Government Licence for Public Sector Information.
=584  \\$aAccepting data submissions: No.
=588  \\$aDescription based on contents viewed on November 11, 2014; title from database Web page.
=650  \0$aMeteorology$zGreat Britain$vObservations$vDatabases.
=651  \0$aGreat Britain$xClimate$vObservations$vDatabases.
=653  2\$aFlooding
=655  \7$aDataset.$2local
=655  \7$aObservational data.$2local
=690  7\$aResearch Datasets Collection$2blcoll
=710  1\$aGreat Britain.$bMeteorological Office.
=856  40$uhttp://data.gov.uk/dataset/weather-extremes$yResearch Datasets Collection
=859  \\$aXLD$bdatasets
=CAT  \\$aRESDATASET$b00$c20140822$lBLL01$h1346
=CAT  \\$a11279$b40$c20140901$lBLL01$h1725
=CAT  \\$a7332$b40$c20141111$lBLL01$h0812
=CAT  \\$aW1606-1753$c20171028$lBLL01$h1603
=FIN  \\$aY$d20141111
=SRC  \\$aBLDatasets$bdatasets20140822.xml
=LAS  \\$aW1606-1753$b00$c20171028$lBLL01$h1603

