=LDR  02621 ai a2200673 a 4500
=001  015876332
=003  Uk
=005  20110826073527.0
=006  m\\\\\\\\m\|\\\\\\
=007  cr\|||||||||||
=008  110324c20039999enkuu\d\o\\\\\0\\\a2eng\\
=024  7\$astm20110407d$2local
=040  \\$aUk$beng$cUk
=042  \\$aukblsr
=082  04$a572.8633$223
=245  00$aGeneDB$h[electronic resource].
=260  \\$aHinxton :$bWellcome Trust Sanger Institute
=336  \\$atext$2rdacontent
=337  \\$acomputer$2rdamedia
=338  \\$aonline resource$2rdacarrier
=362  1\$aBegan in 2003?
=500  \\$aTitle from home page (viewed on June 22, 2011).
=506  \\$aData are free to access.
=510  3\$uhttp://dx.doi.org/10.1093/nar/gkh007
=516  \\$atext/csv, text/html, application/excel, FASTA.
=520  \\$aGeneDB currently provides access to more than 40 genomes of protozoan and helminthic parasites, vector organisms, and pathogenic bacteria and viruses, at various stages of completion, from early access to partial genomes with automatic annotation through to complete genomes with extensive manual curation.
=538  \\$aMode of access: World Wide Web.
=540  \\$aNot stated.
=584  \\$aAccepting data submissions: no.
=650  \0$aPathogenic microorganisms$vDatabases.
=650  \0$aMicrobial genomes$vDatabases.
=650  \0$aNucleotide sequence$vDatabases.
=653  2\$aNeglected Tropical Disease
=655  \7$aDataset.$2local
=655  \7$aExperimental data.$2local
=655  \7$aReference data.$2local
=690  7\$aResearch Datasets Collection$2blcoll
=710  2\$aSanger Institute (Hinxton, England)
=856  40$uhttp://www.genedb.org/$yResearch Datasets Collection
=859  \\$aXLD$bdatasets
=CAT  \\$a11279$b40$c20110622$lPRA01$h1452
=CAT  \\$a11279$b40$c20110622$lPRA01$h1506
=CAT  \\$a11279$b40$c20110622$lPRA01$h1523
=CAT  \\$a11279$b40$c20110623$lPRA01$h1645
=CAT  \\$a7332$b40$c20110719$lPRA01$h0849
=CAT  \\$a7332$b40$c20110818$lPRA01$h0813
=CAT  \\$a11279$b40$c20110823$lPRA01$h1401
=CAT  \\$aRESDATASET$b00$c20110825$lBLL01$h0938
=CAT  \\$a7332$b40$c20110826$lBLL01$h0735
=CAT  \\$aBATCH-UPD$b40$c20120821$lBLL01$h1643
=CAT  \\$aBATCH-UPD$b40$c20121018$lBLL01$h1009
=CAT  \\$aWR13.117$c20130718$lBLL01$h1857
=CAT  \\$aW1606-1753$c20171028$lBLL01$h1330
=CAT  \\$aBATCH-UPD$b00$c20180315$lBLL01$h0025
=FIN  \\$aY$d20110826
=FMT  \\$a  SE
=LAS  \\$aBATCH-UPD$b00$c20180315$lBLL01$h0025
=SRC  \\$aBLDatasets$bresdataset.71pra
=TCO  \\$aCLA$bCLA$c008

