=LDR  02855 ai a2200637 a 4500
=001  015876334
=003  Uk
=005  20110826083246.0
=006  m\\\\\\\\m\|\\\\\\
=007  cr\|||||||||||
=008  110324c200u9999xxuuu\d\o\\\\\0\\\a2eng\\
=024  7\$astm20110407e$2local
=040  \\$aUk$beng$cUk
=042  \\$aukblsr
=082  04$a572.869$223
=245  00$aTrypanosoma brucei proteome$h[electronic resource].
=246  3\$aTrypsProteome
=246  3\$aTrypsProteome database
=260  \\$aSeattle, WA :$bSeattle Biomedical Research Institute
=336  \\$atext$2rdacontent
=337  \\$acomputer$2rdamedia
=338  \\$aonline resource$2rdacarrier
=362  1\$aBegan in 2000s?
=500  \\$aTitle from home page (viewed on June 22, 2011).
=506  \\$aData are free to access.
=516  \\$atext/html.
=520  3\$aTrypsProteome database was developed as part of a NIH funded project that is characterizing the mitochondrial (mt) proteome of Trypanosoma brucei. The project goals are the identification of the mt proteins, those mt proteins associated in multi-protein complexes, and ultimately the elucidation of the functions of these proteins through the construction of structural and functional protein-protein interaction network maps. The database includes data on mitochondrial proteins that is being generated from our laboratory as well as comparative proteomic analyses of procyclic and bloodstream form T. brucei. Proteomic data from publications and from other laboratories will be included to the extent possible.
=538  \\$aMode of access: World Wide Web.
=540  \\$aNot stated.
=584  \\$aAccepting data submissions: no.
=650  \0$aTrypanosoma brucei$vDatabases.
=650  \0$aMitochondrial DNA$vDatabases.
=653  2\$aNeglected Tropical Disease
=655  \7$aDataset.$2local
=655  \7$aExperimental data.$2local
=690  7\$aResearch Datasets Collection$2blcoll
=710  2\$aSeattle Biomedical Research Institute.
=856  40$uhttp://www.trypsproteome.org/$yResearch Datasets Collection
=859  \\$aXLD$bdatasets
=CAT  \\$a11279$b40$c20110622$lPRA01$h1521
=CAT  \\$a11279$b40$c20110622$lPRA01$h1523
=CAT  \\$a11279$b40$c20110623$lPRA01$h1649
=CAT  \\$a11279$b40$c20110822$lPRA01$h1547
=CAT  \\$a11279$b40$c20110822$lPRA01$h1552
=CAT  \\$a11279$b40$c20110823$lPRA01$h1425
=CAT  \\$aRESDATASET$b00$c20110825$lBLL01$h0938
=CAT  \\$a7332$b40$c20110826$lBLL01$h0832
=CAT  \\$aBATCH-UPD$b40$c20120821$lBLL01$h1643
=CAT  \\$aBATCH-UPD$b40$c20121018$lBLL01$h1010
=CAT  \\$aWR13.117$c20130718$lBLL01$h1857
=CAT  \\$aW1606-1753$c20171028$lBLL01$h1330
=FIN  \\$aY$d20110826
=FMT  \\$a  SE
=LAS  \\$aW1606-1753$b00$c20171028$lBLL01$h1330
=SRC  \\$aBLDatasets$bresdataset.71pra
=TCO  \\$aTRS$bCCC$c008

