=LDR  02276 ai a2200601 a 4500
=001  015876336
=003  Uk
=005  20110826085427.0
=006  m\\\\\\\\m\|\\\\\\
=007  cr\|||||||||||
=008  110324c20099999xxuuu\d\o\\\\\0\\\a2eng\\
=024  7\$astm20110407f$2local
=040  \\$aUk$beng$cUk
=042  \\$aukblsr
=082  04$a572.8633$223
=245  00$aTriTrypDB$h[electronic resource] :$bkinetoplastid genomics resource.
=260  \\$a[United States] :$bEUPathDB Project,$c[2009]-
=336  \\$atext$2rdacontent
=337  \\$acomputer$2rdamedia
=338  \\$aonline resource$2rdacarrier
=506  \\$aData are free to access.
=510  3\$uhttp://dx.doi.org/10.1093/nar/gkp851
=520  \\$aTriTrypDB is an integrated genomic and functional genomic database for pathogens of the family Trypanosomatidae, including organisms in both Leishmania and Trypanosoma genera.
=538  \\$aMode of access: World Wide Web.
=540  \\$aNot stated.
=584  \\$aAccepting data submissions: no.
=588  \\$aDescription based on: Version 3.1, 3 May 2011; title from home page (viewed on July 5, 2011).
=650  \0$aTrypanosomatidae$vDatabases.
=650  \0$aMicrobial genomics$vDatabases.
=653  2\$aNeglected Tropical Disease
=655  \7$aDataset.$2local
=655  \7$aExperimental data.$2local
=655  \7$aReference data.$2local
=690  7\$aResearch Datasets Collection$2blcoll
=856  40$uhttp://tritrypdb.org/$yResearch Datasets Collection
=859  \\$aXLD$bdatasets
=CAT  \\$a11279$b40$c20110705$lPRA01$h1543
=CAT  \\$astm2000$b40$c20110811$lPRA01$h1344
=CAT  \\$a7332$b40$c20110818$lPRA01$h0923
=CAT  \\$a11279$b40$c20110822$lPRA01$h1549
=CAT  \\$a11279$b40$c20110822$lPRA01$h1552
=CAT  \\$a11279$b40$c20110823$lPRA01$h1410
=CAT  \\$aRESDATASET$b00$c20110825$lBLL01$h0938
=CAT  \\$a7332$b40$c20110826$lBLL01$h0854
=CAT  \\$aBATCH-UPD$b40$c20120821$lBLL01$h1643
=CAT  \\$aBATCH-UPD$b40$c20121018$lBLL01$h1009
=CAT  \\$aWR13.117$c20130718$lBLL01$h1857
=CAT  \\$aW1606-1753$c20171028$lBLL01$h1330
=FIN  \\$aY$d20110826
=FMT  \\$a  SE
=LAS  \\$aW1606-1753$b00$c20171028$lBLL01$h1330
=SRC  \\$aBLDatasets$bresdataset.71pra
=TCO  \\$aTRS$bCCC$c008

