=LDR  02378 ai a2200553 a 4500
=001  015876338
=003  Uk
=005  20110826101739.0
=006  m\\\\\\\\m\|\\\\\\
=007  cr\|||||||||||
=008  110324c20069999stkuu\d\o\\\\\0\\\a2eng\\
=024  7\$astm20110407g$2local
=040  \\$aUk$beng$cUk
=042  \\$aukblsr
=245  00$aVSGdb$h[electronic resource] :$ba database of trypanosomal variant surface glycoproteins /$cauthored and maintained by Jon Wilkes.
=260  \\$aGlasgow :$bWellcome Centre for Molecular Parasitology
=336  \\$atext$2rdacontent
=337  \\$acomputer$2rdamedia
=338  \\$aonline resource$2rdacarrier
=362  1\$aBegan in 2006?
=500  \\$aTitle from home page (viewed on July 5, 2011).
=506  \\$aData are free to access.
=510  3\$uhttp://dx.doi.org/10.1186/1471-2105-8-143
=516  \\$aFASTA.
=520  \\$aThis database is an amalgamation of all VSG sequence from GeneDB, the Trypanosoma brucei genome database (v4) (http://www.genedb.org/genedb/tryp/ ) and sequences previously deposited in public databases, such as NCBI. VSGdb has been developed in close consultation with GeneDB curators and the databases are linked in both directions. It is intended to comprehensively facilitate access to, and ready analysis of, VSG data.
=538  \\$aMode of access: World Wide Web.
=540  \\$aNot stated.
=584  \\$aAccepting data submissions: no.
=650  \0$aTrypanosoma$vDatabases.
=653  2\$aNeglected Tropical Disease
=655  \7$aDataset.$2local
=655  \7$aExperimental data.$2local
=690  7\$aResearch Datasets Collection$2blcoll
=856  40$uhttp://leishman.cent.gla.ac.uk/pward001/vsgdb/kook_index.html$yResearch Datasets Collection
=859  \\$aXLD$bdatasets
=CAT  \\$a11279$b40$c20110705$lPRA01$h1653
=CAT  \\$a11279$b40$c20110718$lPRA01$h1350
=CAT  \\$a11279$b40$c20110823$lPRA01$h1401
=CAT  \\$aRESDATASET$b00$c20110825$lBLL01$h0938
=CAT  \\$a7332$b40$c20110826$lBLL01$h1017
=CAT  \\$aBATCH-UPD$b40$c20120821$lBLL01$h1643
=CAT  \\$aBATCH-UPD$b40$c20121018$lBLL01$h1009
=CAT  \\$aWR13.117$c20130718$lBLL01$h1857
=CAT  \\$aW1606-1753$c20171028$lBLL01$h1330
=FIN  \\$aY$d20110826
=FMT  \\$a  SE
=LAS  \\$aW1606-1753$b00$c20171028$lBLL01$h1330
=SRC  \\$aBLDatasets$bresdataset.71pra
=TCO  \\$aCLA$bCLA$c008

