=LDR  02740 as a2200637 a 4500
=001  015876342
=003  Uk
=005  20110826112553.0
=006  m\\\\\\\\m\|\\\\\\
=007  cr\|||||||||||
=008  110706c200u9999enkuu\d\o\\\\\0\\\a2eng\\
=024  7\$astm20110411b$2local
=040  \\$aUk$beng$cUk
=042  \\$aukblsr
=082  04$a572.8633$223
=245  00$aGlossina morsitans morsitans$h[electronic resource].
=246  3\$aGlossina genome project
=260  \\$aHinxton :$bWellcome Trust Sanger Institute
=336  \\$atext$2rdacontent
=337  \\$acomputer$2rdamedia
=338  \\$aonline resource$2rdacarrier
=500  \\$aTitle from home page (viewed on 6 July, 2011).
=506  \\$aData are free to access.
=520  \\$aThe Wellcome Trust Sanger Institute has undertaken whole genome shotgun sequencing as part of the International Glossina Genomics Initiative (IGGI). The genome DNA for library construction, has been provided by the Professors Michael Lehane (Liverpool School of Tropical Medicine) and Serap Aksoy (Yale School of Public Health). Small insert libraries for whole genome shotgun sequencing, made from a single endosymbiont-free tsetse fly (from the Aksoy lab) are currently being tested.
=538  \\$aMode of access: World Wide Web.
=540  \\$aNot stated.
=584  \\$aAccepting data submissions: no.
=650  \0$aTsetse-flies$xGenome mapping$vDatabases.
=650  \0$aTsetse-flies$xGenetics$vDatabases.
=650  \0$aTrypanosomiasis$xResearch.
=653  2\$aNeglected Tropical Disease
=655  \7$aDataset.$2local
=655  \7$aExperimental data.$2local
=655  \7$aReference data.$2local
=690  7\$aResearch Datasets Collection$2blcoll
=710  2\$aSanger Institute (Hinxton, England)
=710  2\$aInternational Glossina Genomics Initiative.
=856  40$uhttp://www.sanger.ac.uk/resources/downloads/vectors/glossina-morsitans-morsitans.html$yResearch Datasets Collection
=859  \\$aXLD$bdatasets
=CAT  \\$a7332$b40$c20110707$lPRA01$h0907
=CAT  \\$a7332$b40$c20110721$lPRA01$h0929
=CAT  \\$a7332$b40$c20110721$lPRA01$h1041
=CAT  \\$a7332$b40$c20110811$lPRA01$h0840
=CAT  \\$a11279$b40$c20110823$lPRA01$h1404
=CAT  \\$aRESDATASET$b00$c20110825$lBLL01$h0938
=CAT  \\$a7332$b40$c20110826$lBLL01$h1125
=CAT  \\$aBATCH-UPD$b40$c20120821$lBLL01$h1643
=CAT  \\$aBATCH-UPD$b40$c20121018$lBLL01$h1010
=CAT  \\$aWR13.117$c20130718$lBLL01$h1857
=CAT  \\$aW1606-1753$c20171028$lBLL01$h1330
=CAT  \\$aBATCH-UPD$b00$c20180315$lBLL01$h0025
=FIN  \\$aY$d20110826
=FMT  \\$a  SE
=LAS  \\$aBATCH-UPD$b00$c20180315$lBLL01$h0025
=SRC  \\$aBLDatasets$bresdataset.71pra
=TCO  \\$aCLA$bCLA$c008

