=LDR  02353 as a2200601 a 4500
=001  015876344
=003  Uk
=005  20130927141957.0
=006  m\\\\\\\\m\|\\\\\\
=007  cr\|||||||||||
=008  110712c200u9999enkuu\d\o\\\\\0\\\a2eng\\
=024  7\$astm20110411c$2local
=040  \\$aUk$beng$cUk$dUk
=042  \\$aukblsr
=082  04$a572.8633$223
=245  00$aChlamydia trachomatis$h[electronic resource].
=260  \\$aHinxton :$bWellcome Trust Sanger Institute
=336  \\$atext$2rdacontent
=337  \\$acomputer$2rdamedia
=338  \\$aonline resource$2rdacarrier
=500  \\$aTitle from home page (viewed on 12 July, 2011).
=506  \\$aData are free to access.
=520  \\$aThe Sanger Institute has been funded by Wellcome Trust to sequence the genome of Chlamydia trachomatis strains serovar A and serovar B. The full sequence is provided by FTP download, and the sequence can be queried on a BLAST server.
=538  \\$aMode of access: World Wide Web.
=540  \\$aNot stated.
=584  \\$aAccepting data submissions: no.
=650  \0$aChlamydia trachomatis$xGenome mapping$vDatabases.
=650  \0$aChlamydia trachomatis$xGenetics$vDatabases.
=650  \0$aBacterial diseases$xResearch.
=653  2\$aNeglected Tropical Disease
=655  \7$aDataset.$2local
=655  \7$aExperimental data.$2local
=655  \7$aReference data.$2local
=690  7\$aResearch Datasets Collection$2blcoll
=710  2\$aSanger Institute (Hinxton, England)
=856  40$uhttp://www.sanger.ac.uk/resources/downloads/bacteria/chlamydia-trachomatis.html$yResearch Datasets Collection
=859  \\$aXLD$bdatasets
=CAT  \\$a7332$b40$c20110712$lPRA01$h0923
=CAT  \\$a7332$b40$c20110721$lPRA01$h0859
=CAT  \\$a11279$b40$c20110823$lPRA01$h1402
=CAT  \\$aRESDATASET$b00$c20110825$lBLL01$h0938
=CAT  \\$a7332$b40$c20110826$lBLL01$h1212
=CAT  \\$aBATCH-UPD$b40$c20120821$lBLL01$h1643
=CAT  \\$aBATCH-UPD$b40$c20121018$lBLL01$h1010
=CAT  \\$aWR13.117$c20130718$lBLL01$h1857
=CAT  \\$a7332$b44$c20130927$lBLL01$h1419
=CAT  \\$aW1606-1753$c20171028$lBLL01$h1330
=CAT  \\$aBATCH-UPD$b00$c20180315$lBLL01$h0025
=FIN  \\$aY$d20110826
=FMT  \\$a  SE
=LAS  \\$aBATCH-UPD$b00$c20180315$lBLL01$h0025
=SRC  \\$aBLDatasets$bresdataset.71pra
=TCO  \\$aCLA$bCLA$c008

