=LDR  02162 as a2200601 a 4500
=001  015876350
=003  Uk
=005  20110830073225.0
=006  m\\\\\\\\m\|\\\\\\
=007  cr\|||||||||||
=008  110712c200u9999enkuu\w\o\\\\\0\\\a2eng\\
=024  7\$astm20110411f$2local
=040  \\$aUk$beng$cUk
=042  \\$aukblsr
=082  04$a572.8633$223
=245  00$aProtozoan genomes - data download$h[electronic resource].
=260  \\$aHinxton :$bWellcome Trust Sanger Institute
=336  \\$atext$2rdacontent
=337  \\$acomputer$2rdamedia
=338  \\$aonline resource$2rdacarrier
=500  \\$aTitle from home page (viewed on 14 July, 2011).
=506  \\$aData are free to access.
=520  \\$aProvides access to protozoan genomes sequenced at the Wellcome Trust Sanger Institute.
=538  \\$aMode of access: World Wide Web.
=540  \\$aNot stated.
=584  \\$aAccepting data submissions: no.
=650  \0$aProtozoa$xGenome mapping$vDatabases.
=650  \0$aProtozoa$xGenetics$vDatabases.
=650  \0$aProtozoan diseases$xResearch.
=653  2\$aNeglected Tropical Disease
=655  \7$aDataset.$2local
=655  \7$aExperimental data.$2local
=655  \7$aReference data.$2local
=690  7\$aResearch Datasets Collection$2blcoll
=710  2\$aSanger Institute (Hinxton, England)
=856  40$uhttp://www.sanger.ac.uk/resources/downloads/protozoa/$yResearch Datasets Collection
=859  \\$aXLD$bdatasets
=CAT  \\$a7332$b40$c20110714$lPRA01$h1003
=CAT  \\$a7332$b40$c20110720$lPRA01$h0809
=CAT  \\$a7332$b40$c20110721$lPRA01$h0828
=CAT  \\$a11279$b40$c20110823$lPRA01$h1404
=CAT  \\$aRESDATASET$b00$c20110825$lBLL01$h0938
=CAT  \\$a7332$b40$c20110830$lBLL01$h0732
=CAT  \\$aBATCH-UPD$b40$c20120821$lBLL01$h1643
=CAT  \\$aBATCH-UPD$b40$c20121018$lBLL01$h1010
=CAT  \\$aWR13.117$c20130718$lBLL01$h1857
=CAT  \\$aW1606-1753$c20171028$lBLL01$h1342
=CAT  \\$aBATCH-UPD$b00$c20180315$lBLL01$h0025
=FIN  \\$aY$d20110830
=FMT  \\$a  SE
=LAS  \\$aBATCH-UPD$b00$c20180315$lBLL01$h0025
=SRC  \\$aBLDatasets$bresdataset.71pra
=TCO  \\$aCLA$bCLA$c008

