=LDR  03171 as a2200601 a 4500
=001  015876352
=003  Uk
=005  20110830081305.0
=006  m\\\\\\\\m\|\\\\\\
=007  cr\|||||||||||
=008  110712c200u9999enkuu\d\o\\\\\0\\\a2eng\\
=024  7\$astm20110411g$2local
=040  \\$aUk$beng$cUk
=042  \\$aukblsr
=082  04$a572.8633$223
=245  00$aSchistosoma mansoni$h[electronic resource].
=260  \\$aHinxton :$bWellcome Trust Sanger Institute
=336  \\$atext$2rdacontent
=337  \\$acomputer$2rdamedia
=338  \\$aonline resource$2rdacarrier
=500  \\$aTitle from home page (viewed on 14 July, 2011).
=506  \\$aData are free to access.
=520  \\$aA draft genome has been produced by the Wellcome Trust Sanger Institute in collaboration with The Institute for Genomic Research using a whole genome shotgun sequencing strategy. Approximately 3.8 million pooled reads have been produced by the two genome centres and have been assembled using the Phusion assembly algorithm. The draft genome is 363Mb and encodes at least 11,809 genes. Further work is underway on the genome. A first draft of the S. mansoni genome has been published (PMID:19606141) and is available for browsing from GeneDB. Sequencing is continuing and further assemblies will be available from this site, prior to publication. In collaboration with Prof. Alan Wilson (University of York), expressed sequence tags from the following life cycle stages have been produced: day 21 liver worms (mouse host), day 28 liver worms (mouse), day 28 liver worms (rat), day 7 lung stage, intramolluscan germ ball, cercariae, day 3 schistosomule. Further characterisation of the life cycle using high-thoughput second generation sequencing (RNA-Seq) is ongoing.
=538  \\$aMode of access: World Wide Web.
=540  \\$aNot stated.
=584  \\$aAccepting data submissions: no.
=650  \0$aSchistosoma mansoni$xGenome mapping$vDatabases.
=650  \0$aSchistosoma mansoni$xGenetics$vDatabases.
=650  \0$aHelminthiasis$xResearch.
=653  2\$aNeglected Tropical Disease
=655  \7$aDataset.$2local
=655  \7$aExperimental data.$2local
=655  \7$aReference data.$2local
=690  7\$aResearch Datasets Collection$2blcoll
=710  2\$aSanger Institute (Hinxton, England)
=856  40$uhttp://www.sanger.ac.uk/resources/downloads/helminths/schistosoma-mansoni.html$yResearch Datasets Collection
=859  \\$aXLD$bdatasets
=CAT  \\$a7332$b40$c20110714$lPRA01$h1125
=CAT  \\$a7332$b40$c20110720$lPRA01$h0805
=CAT  \\$a7332$b40$c20110721$lPRA01$h0824
=CAT  \\$a11279$b40$c20110823$lPRA01$h1406
=CAT  \\$aRESDATASET$b00$c20110825$lBLL01$h0938
=CAT  \\$a7332$b40$c20110830$lBLL01$h0813
=CAT  \\$aBATCH-UPD$b40$c20120821$lBLL01$h1643
=CAT  \\$aBATCH-UPD$b40$c20121018$lBLL01$h1010
=CAT  \\$aWR13.117$c20130718$lBLL01$h1857
=CAT  \\$aW1606-1753$c20171028$lBLL01$h1342
=CAT  \\$aBATCH-UPD$b00$c20180315$lBLL01$h0025
=FIN  \\$aY$d20110830
=FMT  \\$a  SE
=LAS  \\$aBATCH-UPD$b00$c20180315$lBLL01$h0025
=SRC  \\$aBLDatasets$bresdataset.71pra
=TCO  \\$aCLA$bCLA$c008

