=LDR  02353 as a2200601 a 4500
=001  015876354
=003  Uk
=005  20110830082307.0
=006  m\\\\\\\\m\|\\\\\\
=007  cr\|||||||||||
=008  110707c200u9999enkuu\d\o\\\\\0\\\a2eng\\
=024  7\$astm20110411h$2local
=040  \\$aUk$beng$cUk
=042  \\$aukblsr
=082  04$a572.8633$223
=245  00$aOnchocerca volvulus$h[electronic resource].
=260  \\$aHinxton :$bWellcome Trust Sanger Institute
=336  \\$atext$2rdacontent
=337  \\$acomputer$2rdamedia
=338  \\$aonline resource$2rdacarrier
=500  \\$aTitle from home page (viewed on 12 July, 2011).
=506  \\$aData are free to access.
=520  \\$aThis is a Wellcome Trust funded project to sequence and analyse the nuclear genome of O. volvulus with the goal of producing reference quality genome sequence. Sequence data are being produced using 454 rapid sequencing technology and Illumina sequencing.
=538  \\$aMode of access: World Wide Web.
=540  \\$aNot stated.
=584  \\$aAccepting data submissions: no.
=650  \0$aOnchocerca volvulus$xGenome mapping$vDatabases.
=650  \0$aOnchocerca volvulus$xGenetics$vDatabases.
=650  \0$aOnchocerciasis$xResearch.
=653  1\$aNeglected Tropical Disease
=655  \7$aDataset.$2local
=655  \7$aObservational data.$2local
=655  \7$aMonitoring data.$2local
=655  \7$aReference data.$2local
=690  7\$aResearch Datasets Collection$2blcoll
=710  2\$aSanger Institute (Hinxton, England)
=856  40$uhttp://www.sanger.ac.uk/resources/downloads/helminths/onchocerca-volvulus.html$yResearch Datasets Collection
=859  \\$aXLD$bdatasets
=CAT  \\$a7332$b40$c20110714$lPRA01$h1346
=CAT  \\$a7332$b40$c20110721$lPRA01$h0916
=CAT  \\$a11279$b40$c20110823$lPRA01$h1406
=CAT  \\$aRESDATASET$b00$c20110825$lBLL01$h0938
=CAT  \\$a7332$b40$c20110830$lBLL01$h0823
=CAT  \\$aBATCH-UPD$b40$c20120821$lBLL01$h1643
=CAT  \\$aBATCH-UPD$b40$c20121018$lBLL01$h1010
=CAT  \\$aWR13.117$c20130718$lBLL01$h1857
=CAT  \\$aW1606-1753$c20171028$lBLL01$h1342
=CAT  \\$aBATCH-UPD$b00$c20180315$lBLL01$h0025
=FIN  \\$aY$d20110830
=FMT  \\$a  SE
=LAS  \\$aBATCH-UPD$b00$c20180315$lBLL01$h0025
=SRC  \\$aBLDatasets$bresdataset.71pra
=TCO  \\$aCLA$bCLA$c008

