=LDR  02697 as a2200613 a 4500
=001  015876356
=003  Uk
=005  20110830083808.0
=006  m\\\\\\\\m\|\\\\\\
=007  cr\|||||||||||
=008  110715c200u9999enkuu\d\o\\\\\0\\\a2eng\\
=024  7\$astm20110411i$2local
=040  \\$aUk$beng$cUk
=042  \\$aukblsr
=082  04$a572.8633$223
=245  00$aEchinococcus multilocularis$h[electronic resource].
=260  \\$aHinxton :$bWellcome Trust Sanger Institute
=336  \\$atext$2rdacontent
=337  \\$acomputer$2rdamedia
=338  \\$aonline resource$2rdacarrier
=500  \\$aTitle from home page (viewed on 15 July, 2011).
=506  \\$aData are free to access.
=520  \\$aThis is a Wellcome Trust funded project to sequence the nuclear genome of E. multilocularis, in collaboration with Prof. Klaus Brehm of Institute for Hygiene and Microbiology, University of Wurzburg. The assembled sequence data suggests the genome of E. multilocularis is approximately 110 MB and is being produced by whole genome shotgun sequencing using a mixture of capillary sequencing, illumina sequencing and 454 pyrosequencing. We are also profiling the transcriptome of different life cycle stages of this organism using RNA-seq.
=538  \\$aMode of access: World Wide Web.
=540  \\$aNot stated.
=584  \\$aAccepting data submissions: no.
=650  \0$aEchinococcus$xGenome mapping$vDatabases.
=650  \0$aEchinococcus$xGenetics$vDatabases.
=650  \0$aTapeworm infections$xResearch.
=653  2\$aNeglected Tropical Disease
=655  \7$aDataset.$2local
=655  \7$aExperimental data.$2local
=655  \7$aReference data.$2local
=690  7\$aResearch Datasets Collection$2blcoll
=710  2\$aSanger Institute (Hinxton, England)
=856  40$uhttp://www.sanger.ac.uk/resources/downloads/helminths/echinococcus-multilocularis.html$yResearch Datasets Collection
=859  \\$aXLD$bdatasets
=CAT  \\$a7332$b40$c20110715$lPRA01$h0843
=CAT  \\$a7332$b40$c20110715$lPRA01$h0845
=CAT  \\$a7332$b40$c20110720$lPRA01$h1032
=CAT  \\$a7332$b40$c20110721$lPRA01$h0905
=CAT  \\$a11279$b40$c20110823$lPRA01$h1209
=CAT  \\$aRESDATASET$b00$c20110825$lBLL01$h0938
=CAT  \\$a7332$b40$c20110830$lBLL01$h0838
=CAT  \\$aBATCH-UPD$b40$c20120821$lBLL01$h1643
=CAT  \\$aBATCH-UPD$b40$c20121018$lBLL01$h1010
=CAT  \\$aWR13.117$c20130718$lBLL01$h1857
=CAT  \\$aW1606-1753$c20171028$lBLL01$h1342
=CAT  \\$aBATCH-UPD$b00$c20180315$lBLL01$h0025
=FIN  \\$aY$d20110830
=FMT  \\$a  SE
=LAS  \\$aBATCH-UPD$b00$c20180315$lBLL01$h0025
=SRC  \\$aBLDatasets$bresdataset.71pra
=TCO  \\$aCLA$bCLA$c008

