=LDR  03071 as a2200625 a 4500
=001  015876358
=003  Uk
=005  20110830084732.0
=006  m\\\\\\\\m\|\\\\\\
=007  cr\|||||||||||
=008  110720c200u9999enkuu\d\o\\\\\0\\\a2eng\\
=024  7\$astm20110411j$2local
=040  \\$aUk$beng$cUk
=042  \\$aukblsr
=082  04$a572.8633$223
=245  00$aEchinococcus granulosus$h[electronic resource].
=260  \\$aHinxton :$bWellcome Trust Sanger Institute
=336  \\$atext$2rdacontent
=337  \\$acomputer$2rdamedia
=338  \\$aonline resource$2rdacarrier
=500  \\$aTitle from home page (viewed on 20 July, 2011).
=506  \\$aData are free to access.
=520  \\$aThe Sanger Institute has been funded by Beowulf Genomics to sequence the genome of the Wolbachia pipientis and to sequence the genome of the Wolbachia-like endosymbiont of Onchocerca volvulus. Published Genome Data: Wolbachia pipientis endosymbiont of Culex quinquefasciatus; the genome is estimated to be 1.5 Mb, and will be sequenced with a whole-genome shotgun approach. Finishing is in progress; a database containing the latest assembly is available for searching on our BLAST Server, or for download from our FTP site. At present there are 12 contigs > 1kb (12 contigs >2kb) with a total size of 1.546 Mb. Wolbachia-like endosymbiont of Onchocerca volvulus; the genome of the endosymbiont is estimated to be 1.1 Mb, and will be sequenced from lambda clones identified by a clone-walking strategy. At present there are 6 contigs from 6 clones with a total size of 92.997 kb.
=538  \\$aMode of access: World Wide Web.
=540  \\$aNot stated.
=584  \\$aAccepting data submissions: no.
=650  \0$aEchinococcus granulosus$xGenome mapping$vDatabases.
=650  \0$aEchinococcus granulosus$xGenetics$vDatabases.
=650  \0$aParasitic diseases$xResearch.
=650  \2$aNatural history - Biology.
=650  \2$aGenetic structures.
=650  \2$aIntestinal diseases, Parasitic.
=650  \2$aParasitic diseases, Animal.
=653  \\$aNeglected Tropical Disease
=655  \7$aDataset.$2local
=655  \7$aExperimental data.$2local
=655  \7$aReference data.$2local
=690  7\$aResearch Datasets Collection$2blcoll
=856  40$uhttp://www.sanger.ac.uk/resources/downloads/helminths/echinococcus-granulosus.html$yResearch Datasets Collection
=859  \\$aXLD$bdatasets
=CAT  \\$a7332$b40$c20110720$lPRA01$h1032
=CAT  \\$a7332$b40$c20110720$lPRA01$h1243
=CAT  \\$a7332$b40$c20110721$lPRA01$h1023
=CAT  \\$a11279$b40$c20110823$lPRA01$h1407
=CAT  \\$aRESDATASET$b00$c20110825$lBLL01$h0938
=CAT  \\$a7332$b40$c20110830$lBLL01$h0847
=CAT  \\$aBATCH-UPD$b40$c20120821$lBLL01$h1643
=CAT  \\$aBATCH-UPD$b40$c20121018$lBLL01$h1010
=CAT  \\$aWR13.117$c20130718$lBLL01$h1857
=CAT  \\$aW1606-1753$c20171028$lBLL01$h1342
=FIN  \\$aY$d20110830
=FMT  \\$a  SE
=LAS  \\$aW1606-1753$b00$c20171028$lBLL01$h1342
=SRC  \\$aBLDatasets$bresdataset.71pra
=TCO  \\$aCLA$bCLA$c008

