=LDR  03321 as a2200673 a 4500
=001  015876362
=003  Uk
=005  20110830102320.0
=006  m\\\\\\\\m\|\\\\\\
=007  cr\|||||||||||
=008  110726c200u9999ja\uu\d\o\\\\\0\\\a2eng\\
=024  7\$astm20110412a$2local
=040  \\$aUk$beng$cUk
=042  \\$aukblsr
=082  04$a572.8633$223
=245  00$aFull-malaria$h[electronic resource].
=246  3\$aMalaria Full-Length cDNA Database (Plasmodium falciparum)
=260  \\$aTokyo :$bInstitute of Applied Microbiology, University of Tokyo
=336  \\$atext$2rdacontent
=337  \\$acomputer$2rdamedia
=338  \\$aonline resource$2rdacarrier
=500  \\$aTitle from home page (viewed on 26 July, 2011).
=506  \\$aData are free to access.
=510  3\$ahttp:/dx.doi.org/10.1093/nar/29.1.70
=516  \\$atext/html; FASTA.
=520  \\$aFULL-malaria has started as a database for a full-length cDNAs from human malaria parasite, Plasmodium falciparum. Now it contains full-length cDNAs from human malaria parasite, P. vivax and murine malaria parasites, P. yoelii and P. berghei. Full-length cDNA libraries were produced from the intraerythrocytic stage parasites using the oligo-capping method and 5'-end-one-pass sequences of random clones were determined. These and EST sequences obtained from the database were mapped onto the genome sequences along with annotated gene structures. The protein sequences of the annotated genes of P. falciparum were used as queries to search homologous regions of the genome sequences of the other malaria parasites using TBLASTX program. Based on these homologies, the contig sequences of P. vivax, P. yoelii and P. berghei were aligned with the genome sequences of P. falciparum and displayed in the graphical genome viewer.
=538  \\$aMode of access: World Wide Web.
=540  \\$aNot stated.
=584  \\$aAccepting data submissions: no.
=584  \\$aData were generated by the Full-Malaria team.
=650  \0$aPlasmodium falciparum$xGenetics$vDatabases.
=650  \0$aPlasmodium vivax$xGenetics$vDatabases.
=650  \0$aPlasmodium yoelii$xGenetics$vDatabases.
=650  \0$aPlasmodium berghei$xGenetics$vDatabases.
=650  \0$aMalaria$xResearch.
=653  2\$aNeglected Tropical Disease
=655  \7$aDataset.$2local
=655  \7$aExperimental data.$2local
=655  \7$aReference data.$2local
=690  7\$aResearch Datasets Collection$2blcoll
=700  1\$aWatanabe, Junichi.
=710  2\$aTōkyō Daigaku.$bHito Genomu Sentā.
=856  40$uhttp://fullmal.hgc.jp/index_ajax.html$yResearch Datasets Collection
=859  \\$aXLD$bdatasets
=CAT  \\$a7332$b40$c20110726$lPRA01$h1116
=CAT  \\$a7332$b40$c20110823$lPRA01$h1254
=CAT  \\$a11279$b40$c20110823$lPRA01$h1419
=CAT  \\$aRESDATASET$b00$c20110825$lBLL01$h0938
=CAT  \\$a7332$b40$c20110830$lBLL01$h1023
=CAT  \\$aBATCH-UPD$b40$c20120821$lBLL01$h1643
=CAT  \\$aBATCH-UPD$b40$c20121018$lBLL01$h1010
=CAT  \\$aWR13.117$c20130718$lBLL01$h1857
=CAT  \\$aBATCH-UPD$b00$c20140403$lBLL01$h2104
=CAT  \\$aW1606-1753$c20171028$lBLL01$h1342
=FIN  \\$aY$d20110830
=FMT  \\$a  SE
=LAS  \\$aW1606-1753$b00$c20171028$lBLL01$h1342
=SRC  \\$aBLDatasets$bresdataset.71pra
=TCO  \\$aJPN$bJAACC$c008

