=LDR  02897 as a2200637 a 4500
=001  015876364
=003  Uk
=005  20110830103923.0
=006  m\\\\\\\\m\|\\\\\\
=007  cr\|||||||||||
=008  110728c200u9999ja\uu\d\o\\\\\0\\\a2eng\\
=024  7\$astm20110412b$2local
=040  \\$aUk$beng$cUk
=042  \\$aukblsr
=082  04$a572.8633$223
=245  00$aFull-Toxoplasma$h[electronic resource].
=246  3\$aToxoplasma Full-Length cDNA Database (Toxoplasma gondii)
=260  \\$aTokyo :$bInstitute of Applied microbiology, University of Tokyo
=336  \\$atext$2rdacontent
=337  \\$acomputer$2rdamedia
=338  \\$aonline resource$2rdacarrier
=500  \\$aTitle from home page (viewed on 26 July, 2011).
=506  \\$aData are free to access.
=510  3\$ahttp:/dx.doi.org/10.1093/nar/gkn856
=516  \\$atext/html; FASTA.
=520  \\$aFull-Toxoplasma is a database for transcriptome analysis of Toxoplasma gondii parasites, which contains our original data produced using the oligo-capping method, i.e., 1) full-length sequences of full-length cDNA clones and 2) TSS (transcription start site) sequences. They are shown along with the genome sequences, etc. 2. Recent introduction of the Solexa sequencers is now revolutionizing quantity and quality of our data, allowing analyses in depth. Our database contains thus determined full-length cDNA sequences which require revision of annotated gene structures and numerous TSS sequences which allow detailed and accurate expression analysis.
=538  \\$aMode of access: World Wide Web.
=540  \\$aNot stated.
=584  \\$aAccepting data submissions: no.
=584  \\$aData were generated by the Full-Toxoplasma team.
=650  \0$aToxoplasma gondii$xGenetics$vDatabases.
=653  2\$aNeglected Tropical Disease
=655  \7$aDataset.$2local
=655  \7$aExperimental data.$2local
=655  \7$aReference data.$2local
=690  7\$aResearch Datasets Collection$2blcoll
=700  1\$aWatanabe, Junichi.
=710  2\$aTōkyō Daigaku.$bHito Genomu Sentā.
=856  40$uhttp://fullmal.hgc.jp/index_tg_ajax.html$yResearch Datasets Collection
=859  \\$aXLD$bdatasets
=CAT  \\$a7332$b40$c20110728$lPRA01$h0752
=CAT  \\$a7332$b40$c20110802$lPRA01$h0833
=CAT  \\$a7332$b40$c20110823$lPRA01$h1256
=CAT  \\$a11279$b40$c20110823$lPRA01$h1445
=CAT  \\$aRESDATASET$b00$c20110825$lBLL01$h0938
=CAT  \\$a7332$b40$c20110830$lBLL01$h1039
=CAT  \\$aBATCH-UPD$b40$c20120821$lBLL01$h1643
=CAT  \\$aBATCH-UPD$b40$c20121018$lBLL01$h1010
=CAT  \\$aWR13.117$c20130718$lBLL01$h1857
=CAT  \\$aBATCH-UPD$b00$c20140403$lBLL01$h2104
=CAT  \\$aW1606-1753$c20171028$lBLL01$h1342
=FIN  \\$aY$d20110830
=FMT  \\$a  SE
=LAS  \\$aW1606-1753$b00$c20171028$lBLL01$h1342
=SRC  \\$aBLDatasets$bresdataset.71pra
=TCO  \\$aJPN$bJAACC$c008

