=LDR  02866 as a2200637 a 4500
=001  015876370
=003  Uk
=005  20110830105443.0
=006  m\\\\\\\\m\|\\\\\\
=007  cr\|||||||||||
=008  110802c200u9999ja\uu\d\o\\\\\0\\\a2eng\\
=024  7\$astm20110412e$2local
=040  \\$aUk$beng$cUk
=042  \\$aukblsr
=082  04$a572.8633$223
=245  00$aFull-Tsetse$h[electronic resource].
=246  3\$aTsetse Full-Tsetse cDNA Database (Glossina morsitans)
=260  \\$aTokyo :$bInstitute of Applied microbiology, University of Tokyo
=336  \\$atext$2rdacontent
=337  \\$acomputer$2rdamedia
=338  \\$aonline resource$2rdacarrier
=500  \\$aTitle from home page (viewed on 2 Aug., 2011).
=506  \\$aData are free to access.
=510  3\$ahttp:/dx.doi.org/10.1093/nar/gkn856
=516  \\$atext/html.
=520  \\$aTsetse flies, Glossina morsitans morsitans were prepared in Serap Aksoy's lab and sent to our lab on dry ice. Full-length cDNA libraries were produced using the oligo-capping method from pupae and larvae, respectively. In addition two libraries were produced from adult male and female flies using the vector-trapper method. Adult males were fed a blood meal and collected periodically every six hours. Adult females were also fed a blood meal and collected similarly and combined with pregnant females. cDNA libraries were produced using the vector-trapper method. One-pass sequences were determined by Atsushi Toyoda using the ABI 3730 sequencers.
=538  \\$aMode of access: World Wide Web.
=540  \\$aNot stated.
=584  \\$aAccepting data submissions: no.
=584  \\$aData were generated by the Full-Tsetse team.
=650  \0$aGlossina morsitans$xGenetics$vDatabases.
=650  \0$aTrypanosomiasis$xResearch.
=653  2\$aNeglected Tropical Disease
=655  \7$aDataset.$2local
=655  \7$aExperimental data.$2local
=655  \7$aReference data.$2local
=690  7\$aResearch Datasets Collection$2blcoll
=700  1\$aWatanabe, Junichi.
=710  2\$aTōkyō Daigaku.$bHito Genomu Sentā.
=856  40$uhttp://fullmal.hgc.jp/index_arth.html$yResearch Datasets Collection
=859  \\$aXLD$bdatasets
=CAT  \\$a7332$b40$c20110802$lPRA01$h1107
=CAT  \\$a7332$b40$c20110823$lPRA01$h1320
=CAT  \\$a11279$b40$c20110823$lPRA01$h1443
=CAT  \\$aRESDATASET$b00$c20110825$lBLL01$h0938
=CAT  \\$a7332$b40$c20110830$lBLL01$h1054
=CAT  \\$aBATCH-UPD$b40$c20120821$lBLL01$h1643
=CAT  \\$aBATCH-UPD$b40$c20121018$lBLL01$h1010
=CAT  \\$aWR13.117$c20130718$lBLL01$h1857
=CAT  \\$aBATCH-UPD$b00$c20140403$lBLL01$h2104
=CAT  \\$aW1606-1753$c20171028$lBLL01$h1342
=FIN  \\$aY$d20110830
=FMT  \\$a  SE
=LAS  \\$aW1606-1753$b00$c20171028$lBLL01$h1342
=SRC  \\$aBLDatasets$bresdataset.71pra
=TCO  \\$aJPN$bJAACC$c008

