=LDR  02288 as a2200565 a 4500
=001  015876372
=003  Uk
=005  20120720122239.0
=006  m\\\\\\\\m\|\\\\\\
=007  cr\|||||||||||
=008  110811c200u9999xxuuu\d\o\\\\\0\\\a2eng\\
=024  7\$astm20110412f$2local
=040  \\$aUk$beng$cUk
=042  \\$aukblsr
=082  04$a616.91852$223
=245  00$aDengue virus portal$h[electronic resource].
=260  \\$aCambridge, MA :$bBroad Institute of MIT and Harvard
=336  \\$atext$2rdacontent
=337  \\$acomputer$2rdamedia
=338  \\$aonline resource$2rdacarrier
=500  \\$aTitle from home page (viewed on 11 Aug., 2011).
=506  \\$aData are free to access.
=520  \\$aDengue virus (DEN), a category-A pathogen, is a significant threat to public health world wide. The Dengue virus portal focuses on using genomic tools to understand the mechanisms behind dengue fever (DF), dengue hemorrhagic fever (DHF), and dengue shock syndrome (DSS) and applying this knowledge to transform the prevention, diagnosis, and treatment of these diseases.
=538  \\$aMode of access: World Wide Web.
=540  \\$aNot stated.
=584  \\$aAccepting data submissions: no.
=650  \0$aDengue viruses$xResearch$vDatabases.
=653  2\$aNeglected Tropical Disease
=655  \7$aDataset.$2local
=655  \7$aExperimental data.$2local
=655  \7$aReference data.$2local
=690  7\$aResearch Datasets Collection$2blcoll
=710  2\$aBroad Institute.
=856  40$uhttp://www.broadinstitute.org/annotation/viral/Dengue/Home.html$yResearch Datasets Collection
=859  \\$aXLD$bdatasets
=CAT  \\$a7332$b40$c20110811$lPRA01$h1147
=CAT  \\$a11279$b40$c20110823$lPRA01$h1415
=CAT  \\$aRESDATASET$b00$c20110825$lBLL01$h0938
=CAT  \\$a7332$b40$c20110830$lBLL01$h1110
=CAT  \\$a7332$b40$c20110831$lBLL01$h1110
=CAT  \\$a7332$b40$c20120720$lBLL01$h1222
=CAT  \\$aBATCH-UPD$b40$c20120821$lBLL01$h1643
=CAT  \\$aBATCH-UPD$b40$c20121018$lBLL01$h1009
=CAT  \\$aWR13.117$c20130718$lBLL01$h1857
=CAT  \\$aW1606-1753$c20171028$lBLL01$h1342
=FIN  \\$aY$d20110830
=FMT  \\$a  SE
=LAS  \\$aW1606-1753$b00$c20171028$lBLL01$h1342
=SRC  \\$aBLDatasets$bresdataset.71pra
=TCO  \\$aTRS$bCCC$c008

