=LDR  02906 as a2200625 a 4500
=001  015876374
=003  Uk
=005  20120724112002.0
=006  m\\\\\\\\m\|\\\\\\
=007  cr\|||||||||||
=008  110803c20079999ag\uu\d\o\\\\\0\\\a2eng\\
=024  7\$astm20110412h$2local
=040  \\$aUk$beng$cUk
=042  \\$aukblsr
=082  04$a616.9883$223
=245  04$aThe TDR targets database$h[electronic resource] :$ba chemogenomics resource for neglected tropical diseases.
=260  \\$a[San MartiÌn] :$bUniversidad Nacional de San MartiÌn
=336  \\$atext$2rdacontent
=337  \\$acomputer$2rdamedia
=338  \\$aonline resource$2rdacarrier
=500  \\$aTitle from home page (viewed on 3 Aug., 2011).
=506  \\$aData are free to access.
=510  3\$ahttp:/dx.doi.org/10.1038/nrd2684
=520  \\$aThe TDR Targets project seeks to exploit the availability of diverse datasets to facilitate the identification and prioritization of drugs and drug targets in neglected disease pathogens. This database functions both as a website where researchers can look for information on targets of interest, and as a tool for prioritization of targets in whole genomes. Using the TDRtargets database as a tool, researchers can quickly prioritize genes of interest by running simple queries (such as looking for small enzymes, or proteins with high quality structural models), assigning numerical weights to each query (in the history page), and combining these results to produce a ranked list of candidate targets.
=538  \\$aMode of access: World Wide Web.
=540  \\$aNot stated.
=584  \\$aAccepting data submissions: no.
=650  \0$aTropical medicine$vDatabases.
=650  \0$aMedical genetics$vDatabases.
=650  \0$aChemogenomics$vDatabases.
=653  2\$aNeglected Tropical Disease
=655  \7$aDataset.$2local
=655  \7$aExperimental data.$2local
=690  7\$aResearch Datasets Collection$2blcoll
=710  2\$aUniversidad Nacional de General San MartiÌn.
=710  2\$aTDR Targets Network.
=856  40$uhttp://tdrtargets.org/$yResearch Datasets Collection
=859  \\$aXLD$bdatasets
=CAT  \\$a7332$b40$c20110803$lPRA01$h0800
=CAT  \\$a7332$b40$c20110823$lPRA01$h1324
=CAT  \\$a11279$b40$c20110823$lPRA01$h1449
=CAT  \\$aRESDATASET$b00$c20110825$lBLL01$h0938
=CAT  \\$a7332$b40$c20110830$lBLL01$h1135
=CAT  \\$a7332$b40$c20120508$lBLL01$h1519
=CAT  \\$a7332$b40$c20120724$lBLL01$h1120
=CAT  \\$aBATCH-UPD$b40$c20120821$lBLL01$h1643
=CAT  \\$aBATCH-UPD$b40$c20121018$lBLL01$h1009
=CAT  \\$aWR13.117$c20130718$lBLL01$h1857
=CAT  \\$aBATCH-UPD$b00$c20140117$lBLL01$h0323
=CAT  \\$aW1606-1753$c20171028$lBLL01$h1342
=FIN  \\$aY$d20120724
=FMT  \\$a  SE
=LAS  \\$aW1606-1753$b00$c20171028$lBLL01$h1342
=SRC  \\$aBLDatasets$bresdataset.71pra
=TCO  \\$aARG$bCADRA$c008

