=LDR  03228 as a2200637 a 4500
=001  015876375
=003  Uk
=005  20120720121515.0
=006  m\\\\\\\\m\|\\\\\\
=007  cr\|||||||||||
=008  110803c200u9999ii\uu\d\o\\\\\0\\\a2eng\\
=024  7\$astm20110412i$2local
=040  \\$aUk$beng$cUk
=042  \\$aukblsr
=082  04$a616.9883$223
=245  00$aInSatDb$h[electronic resource] :$binsect microsatellite database.
=260  \\$a[Hyderabad] :$bCentre for DNA Fingerprinting and Diagnostics
=336  \\$atext$2rdacontent
=337  \\$acomputer$2rdamedia
=338  \\$aonline resource$2rdacarrier
=500  \\$aTitle from from home page (viewed on 3 Aug., 2011).
=506  \\$aData are free to access.
=510  3\$ahttp:/dx.doi.org/10.1093/nar/gkl778
=520  \\$aInSatDb, unlike many other microsatellite databases that cater largely to the needs of microsatellites as markers, presents an interactive interface to query information regarding microsatellite characteristics per se of five fully sequenced insect genomes (fruit-fly, honeybee, malarial mosquito, red-flour beetle and silkworm). InSatDb allows users to obtain microsatellites annotated with size (in bp and repeat units); genomic location (exon, intron, up-stream or transposon); nature (perfect or imperfect); and sequence composition (repeat motif and GC%). One can access microsatellite cluster (compound repeats) information, and a list of microsatellites with conserved flanking sequences (microsatellite family or paralogs). InSatDb is complete with the insects information, web links to find details, methodology and a tutorial. A separate Analysis section illustrates the comparative genomic analysis that can be carried out using the InSatDb output.
=538  \\$aMode of access: World Wide Web.
=540  \\$aNot stated.
=584  \\$aAccepting data submissions: no.
=650  \0$aFruit-flies$xGenome mapping$vDatabases.
=650  \0$aHoneybee$xGenome mapping$vDatabases.
=650  \0$aMosquitoes$xGenome mapping$vDatabases.
=650  \0$aRed flour beetle$xGenome mapping$vDatabases.
=650  \0$aSilkworms$xGenome mapping$vDatabases.
=650  \0$aMicrosatellites (Genetics)
=653  2\$aNeglected Tropical Disease
=655  \7$aDataset.$2local
=655  \7$aExperimental.$2local
=655  \7$aReference data.$2local
=690  7\$aResearch Datasets Collection$2blcoll
=710  2\$aCentre for DNA Fingerprinting and Diagnostics.
=856  40$uhttp://cdfd.org.in/INSATDB/msatform.php$yResearch Datasets Collection
=859  \\$aXLD$bdatasets
=CAT  \\$a7332$b40$c20110803$lPRA01$h0858
=CAT  \\$a7332$b40$c20110823$lPRA01$h1326
=CAT  \\$a11279$b40$c20110823$lPRA01$h1414
=CAT  \\$aRESDATASET$b00$c20110825$lBLL01$h0938
=CAT  \\$a7332$b40$c20110830$lBLL01$h1150
=CAT  \\$a7332$b40$c20120720$lBLL01$h1215
=CAT  \\$aBATCH-UPD$b40$c20120821$lBLL01$h1643
=CAT  \\$aBATCH-UPD$b40$c20121018$lBLL01$h1009
=CAT  \\$aWR13.117$c20130718$lBLL01$h1857
=CAT  \\$aW1606-1753$c20171028$lBLL01$h1342
=FIN  \\$aY$d20110830
=FMT  \\$a  SE
=LAS  \\$aW1606-1753$b00$c20171028$lBLL01$h1342
=SRC  \\$aBLDatasets$bresdataset.71pra
=TCO  \\$aXXX$c008

