=LDR  02917 as a2200637 a 4500
=001  015876376
=003  Uk
=005  20120720121554.0
=006  m\\\\\\\\m\|\\\\\\
=007  cr\|||||||||||
=008  110803c20069999xxuuu\d\o\\\\\0\\\a2eng\\
=024  7\$astm20110412j$2local
=040  \\$aUk$beng$cUk
=042  \\$aukblsr
=082  04$a614.42$223
=245  00$aHealthMap$h[electronic resource].
=246  3\$aHealth map
=260  \\$a[S.l.] :$bHealthMap,$c[2006]-
=336  \\$atext$2rdacontent
=337  \\$acomputer$2rdamedia
=338  \\$aonline resource$2rdacarrier
=500  \\$aTitle from home page (viewed on 3 Aug., 2011).
=506  \\$aData are free to access.
=510  3\$ahttp:/dx.doi.org/10.1197/jamia.M2544
=520  \\$aHealthMap brings together disparate data sources to achieve a unified and comprehensive view of the current global state of infectious diseases and their effect on human and animal health. This freely available Web site integrates outbreak data of varying reliability, ranging from news sources to curated personal accounts to validated official alerts. Through an automated text processing system, the data is aggregated by disease and displayed by location for user-friendly access to the original alert. HealthMap provides a jumping-off point for real-time information on emerging public health events. The system receives over a million visitors a year with specific use by government agencies (CDC, HHS, DOD, WHO, ECDC), public health officials and international travelers.
=538  \\$aMode of access: World Wide Web.
=540  \\$aNot stated.
=584  \\$aAccepting data submissions: yes.
=650  \0$aCommunicable diseases$xReporting.
=650  \0$aPublic health surveillance$vRemote-sensing maps.
=650  \0$aWorld health$vRemote-sensing maps.
=650  \0$aCommunicable diseases$vRemote-sensing maps.
=650  \0$aEpidemics$vRemote-sensing maps.
=653  2\$aNeglected Tropical Disease
=655  \7$aDataset.$2local
=655  \7$aMonitoring data.$2local
=690  7\$aResearch Datasets Collection$2blcoll
=700  1\$aFreifeld, Clark.
=700  1\$aBrownstein, John.
=856  40$uhttp://www.healthmap.org/$yResearch Datasets Collection
=859  \\$aXLD$bdatasets
=CAT  \\$a7332$b40$c20110803$lPRA01$h1034
=CAT  \\$a7332$b40$c20110823$lPRA01$h1328
=CAT  \\$a11279$b40$c20110823$lPRA01$h1413
=CAT  \\$aRESDATASET$b00$c20110825$lBLL01$h0938
=CAT  \\$a7332$b40$c20110830$lBLL01$h1259
=CAT  \\$a7332$b40$c20120720$lBLL01$h1215
=CAT  \\$aBATCH-UPD$b40$c20120821$lBLL01$h1643
=CAT  \\$aBATCH-UPD$b40$c20121018$lBLL01$h1009
=CAT  \\$aWR13.117$c20130718$lBLL01$h1857
=CAT  \\$aW1606-1753$c20171028$lBLL01$h1342
=FIN  \\$aY$d20110830
=FMT  \\$a  SE
=LAS  \\$aW1606-1753$b00$c20171028$lBLL01$h1342
=SRC  \\$aBLDatasets$bresdataset.71pra
=TCO  \\$aTRS$bCCC$c008

