=LDR  02456 as a2200553 a 4500
=001  015876378
=003  Uk
=005  20110830130615.0
=006  m\\\\\\\\m\|\\\\\\
=007  cr\|||||||||||
=008  110803c200u9999sz\uu\d\o\\\\\0\\\a2eng\\
=024  7\$astm20110412l$2local
=040  \\$aUk$beng$cUk
=042  \\$aukblsr
=082  04$a614.58852$223
=245  00$aDengueNet$h[electronic resource].
=246  3\$aDengue net
=260  \\$a[Geneva] :$bWorld Health Organization
=336  \\$atext$2rdacontent
=337  \\$acomputer$2rdamedia
=338  \\$aonline resource$2rdacarrier
=500  \\$aTitle from home page (viewed on 3 Aug., 2011).
=506  \\$aData are free to access.
=520  \\$aDengueNet, built on the Global Health Atlas platform, is the World Health Organization's central data management system for the global epidemiological and virological surveillance of dengue fever (DF) and dengue haemorrhagic fever (DHF) created in partnership with WHO Regional and Country Offices, Ministries of Heath, WHO Collaborating Centres and laboratories. The network collects standardized data from all DengueNet partners worldwide, and provides ready access to a variety of indicators such as incidence, case fatality rates (CFR), frequency and distribution of DF and DHF cases, number of fatalities and circulating virus serotypes.
=538  \\$aMode of access: World Wide Web.
=540  \\$aNot stated.
=584  \\$aAccepting data submissions: yes.
=650  \0$aDengue$xEpidemiology$vDatabases.
=653  2\$aNeglected Tropical Disease
=655  \7$aDataset.$2local
=655  \7$aMonitoring data.$2local
=655  \7$aStatistics.$2local
=690  7\$aResearch Datasets Collection$2blcoll
=710  2\$aWorld Health Organization.
=856  40$uhttp://apps.who.int/globalatlas/default.asp$yResearch Datasets Collection
=859  \\$aXLD$bdatasets
=CAT  \\$a7332$b40$c20110803$lPRA01$h1402
=CAT  \\$a11279$b40$c20110823$lPRA01$h1412
=CAT  \\$aRESDATASET$b00$c20110825$lBLL01$h0938
=CAT  \\$a7332$b40$c20110830$lBLL01$h1306
=CAT  \\$aBATCH-UPD$b40$c20120821$lBLL01$h1643
=CAT  \\$aBATCH-UPD$b40$c20121018$lBLL01$h1010
=CAT  \\$aWR13.117$c20130718$lBLL01$h1857
=CAT  \\$aW1606-1753$c20171028$lBLL01$h1342
=FIN  \\$aY$d20110830
=FMT  \\$a  SE
=LAS  \\$aW1606-1753$b00$c20171028$lBLL01$h1342
=SRC  \\$aBLDatasets$bresdataset.71pra
=TCO  \\$aCHE$bPRO LITTERIS$c008

