=LDR  03205 as a2200613 a 4500
=001  015876379
=003  Uk
=005  20120720121658.0
=006  m\\\\\\\\m\|\\\\\\
=007  cr\|||||||||||
=008  110803c200u9999ja\uu\d\o\\\\\0\\\a2eng\\
=024  7\$astm20110412m$2local
=040  \\$aUk$beng$cUk
=042  \\$aukblsr
=082  04$a578.65$223
=245  00$aComparasite$h[electronic resource].
=260  \\$aTokyo :$bInstitute of Applied microbiology, University of Tokyo
=336  \\$atext$2rdacontent
=337  \\$acomputer$2rdamedia
=338  \\$aonline resource$2rdacarrier
=500  \\$aTitle from home page (viewed on 3 Aug., 2011).
=506  \\$aData are free to access.
=510  3\$ahttp:/dx.doi.org/10.1093/nar/gkl1039
=520  \\$aComparasite, an integrated database of our original full-length cDNA sequence data, consists of seven sub-databases of apicomplexa protozoa, Plasmodium falciparum(12,484 cDNA sequences), Plasmodium yoelii (11,262 sequences), Plasmodium vivax (9,633 sequences), Plasmodium berghei (1,518 sequences), Toxoplasma gondii (7,400 sequences), Cryptosporidium parvum (5,921 sequences) and a tapeworm, Echinococcus multilocularis (10,966 sequences). Homologous gene groups are clustered and comparative analysis of any combination of these seven species is implemented, such as interspiceis comparisons as to cellular localization, motifs or transmembrane regions and so on. For submitted keywords and other search conditions, Comparasite retrieves orthologous gene groups containing a given protein motif/GO term etc in common or in a species-specific manner. By enabling multi-faceted comparative analyses of genes of apicomplexa protozoa, monophyletic organisms that have evolved to diversify to parasitize various hosts by adopting complex life cycles, Comparasite should help elucidate the mechanism behind parasitism.
=538  \\$aMode of access: World Wide Web.
=540  \\$aNot stated.
=584  \\$aAccepting data submissions: no.
=653  2\$aNeglected Tropical Disease
=655  \7$aDataset.$2local
=655  \7$aExperimental data.$2local
=655  \7$aReference data.$2local
=690  7\$aResearch Datasets Collection$2blcoll
=700  1\$aWatanabe, Junichi.
=710  2\$aTōkyō Daigaku.$bHito Genomu Sentā.
=856  40$uhttp://comparasite.hgc.jp/$yResearch Datasets Collection
=859  \\$aXLD$bdatasets
=CAT  \\$a7332$b40$c20110803$lPRA01$h1515
=CAT  \\$a7332$b40$c20110803$lPRA01$h1516
=CAT  \\$a7332$b40$c20110811$lPRA01$h0742
=CAT  \\$a7332$b40$c20110823$lPRA01$h1332
=CAT  \\$a11279$b40$c20110823$lPRA01$h1412
=CAT  \\$aRESDATASET$b00$c20110825$lBLL01$h0938
=CAT  \\$a7332$b40$c20110830$lBLL01$h1313
=CAT  \\$a7332$b40$c20120720$lBLL01$h1216
=CAT  \\$aBATCH-UPD$b40$c20120821$lBLL01$h1643
=CAT  \\$aBATCH-UPD$b40$c20121018$lBLL01$h1010
=CAT  \\$aWR13.117$c20130718$lBLL01$h1857
=CAT  \\$aBATCH-UPD$b00$c20140403$lBLL01$h2104
=CAT  \\$aW1606-1753$c20171028$lBLL01$h1342
=FIN  \\$aY$d20110830
=FMT  \\$a  SE
=LAS  \\$aW1606-1753$b00$c20171028$lBLL01$h1342
=SRC  \\$aBLDatasets$bresdataset.71pra
=TCO  \\$aJPN$bJAACC$c008

