=LDR  02633 as a2200625 a 4500
=001  015876381
=003  Uk
=005  20120720121209.0
=006  m\\\\\\\\m\|\\\\\\
=007  cr\|||||||||||
=008  110811c20089999bl\uu\d\o\\\\\0\\\a2eng\\
=024  7\$astm20110412o$2local
=040  \\$aUk$beng$cUk
=042  \\$aukblsr
=082  04$a572.8633$223
=245  00$aSchistosoma mansoni database$h[electronic resource].
=246  3\$aSchistoDB
=260  \\$a[Belo Horizonte] :$bCentro de Pesquisas ReneÌ Rachou,$c2008-
=336  \\$atext$2rdacontent
=337  \\$acomputer$2rdamedia
=338  \\$aonline resource$2rdacarrier
=500  \\$aTitle from home page (viewed on 11 Aug., 2011).
=506  \\$aData are free to access.
=510  3\$ahttp:/dx.doi.org/10.1093/nar/gkn681
=520  \\$aSchistoDB is a genomic database for the parasitic organism Schistosoma mansoni, one of the major causative agents of schistosomiasis worldwide. It currently incorporates sequences and annotation for S. mansoni in a single user-friendly database. Several genomic scale analyses are available as well as ESTs, oligonucleotides, metabolic pathways and drugs. In this article, we describe the data sets and its analyses, how to query the database and tools available in the website.
=538  \\$aMode of access: World Wide Web.
=540  \\$aNot stated.
=584  \\$aAccepting data submissions: no.
=650  \0$aSchistosoma mansoni$xGenome mapping$vDatabases.
=650  \0$aSchistosoma mansoni$xGenetics$vDatabases.
=653  2\$aNeglected Tropical Disease
=655  \7$aDataset.$2local
=655  \7$aExperimental data.$2local
=655  \7$aReference data.$2local
=690  7\$aResearch Datasets Collection$2blcoll
=710  2\$aCentro de Pesquisas ReneÌ Rachou.
=856  40$uhttp://schistodb.net/$yResearch Datasets Collection
=859  \\$aXLD$bdatasets
=CAT  \\$a7332$b40$c20110811$lPRA01$h0828
=CAT  \\$a7332$b40$c20110818$lPRA01$h1316
=CAT  \\$a7332$b40$c20110823$lPRA01$h1336
=CAT  \\$a11279$b40$c20110823$lPRA01$h1411
=CAT  \\$aRESDATASET$b00$c20110825$lBLL01$h0938
=CAT  \\$a7332$b40$c20110830$lBLL01$h1335
=CAT  \\$a7332$b40$c20120720$lBLL01$h1212
=CAT  \\$aBATCH-UPD$b40$c20120821$lBLL01$h1643
=CAT  \\$aBATCH-UPD$b40$c20121018$lBLL01$h1009
=CAT  \\$aWR13.117$c20130718$lBLL01$h1857
=CAT  \\$aBATCH-UPD$b00$c20140206$lBLL01$h2059
=CAT  \\$aW1606-1753$c20171028$lBLL01$h1342
=FIN  \\$aY$d20110830
=FMT  \\$a  SE
=LAS  \\$aW1606-1753$b00$c20171028$lBLL01$h1342
=SRC  \\$aBLDatasets$bresdataset.71pra
=TCO  \\$aXXX$c008

