=LDR  02867 as a2200637 a 4500
=001  015876382
=003  Uk
=005  20120720121259.0
=006  m\\\\\\\\m\|\\\\\\
=007  cr\|||||||||||
=008  110811c200u9999xxuuu\d\o\\\\\0\\\a2eng\\
=024  7\$astm20110412p$2local
=040  \\$aUk$beng$cUk
=042  \\$aukblsr
=082  04$a616.91852$223
=245  00$aDengueDT-DB$h[electronic resource] :$bdrug target database for Dengue.
=246  3\$aDrug target database for Dengue
=260  \\$a[Hudson, Mass.] :$bBioinformatics Organisation
=336  \\$atext$2rdacontent
=337  \\$acomputer$2rdamedia
=338  \\$aonline resource$2rdacarrier
=500  \\$aTitle from home page (viewed on 11 Aug., 2011).
=506  \\$aData are free to access.
=520  \\$aDengueDT-DB is an effort to collect information about the dengue virus, dengue virus genes, dengue virus drugs targets and drugs, disease into a central portal to facilitate dengue researchers from several disciplines such as drug discovery, vaccine development, epidemiology and comparative genomics. The database currently holds 13 dengue drugs Targets, 80 dengue virus genes, 2 drugs information and genome sequences Collected from Genbank and Drug targets from DrugBank, Similar targets from the Blast search query and the other virus information. The database also serves as link to Global Sequence Information eg. NCBI, DDBJ, EMBL, PDB, Expasy, Medical Litrature like PubMed, etc.
=538  \\$aMode of access: World Wide Web.
=540  \\$aNot stated.
=584  \\$aAccepting data submissions: no.
=650  \0$aDengue$xDiagnosis$vDatabases.
=650  \0$aDengue$xPrevention$vDatabases.
=650  \0$aDengue$xTreatment$vDatabases.
=650  \0$aHemorrhagic fever$vDatabases.
=653  2\$aNeglected Tropical Disease
=655  \7$aDataset.$2local
=655  \7$aExperimental data.$2local
=655  \7$aReference data.$2local
=690  7\$aResearch Datasets Collection$2blcoll
=700  1\$aShardiwal, Rakesh K.
=700  1\$aMagar, Shalu.
=856  40$uhttp://www.bioinformatics.org/dengueDTDB/$yResearch Datasets Collection
=859  \\$aXLD$bdatasets
=CAT  \\$a7332$b40$c20110811$lPRA01$h0918
=CAT  \\$a7332$b40$c20110811$lPRA01$h1004
=CAT  \\$a11279$b40$c20110823$lPRA01$h1344
=CAT  \\$a11279$b40$c20110823$lPRA01$h1346
=CAT  \\$aRESDATASET$b00$c20110825$lBLL01$h0938
=CAT  \\$a7332$b40$c20110830$lBLL01$h1345
=CAT  \\$a7332$b40$c20120720$lBLL01$h1212
=CAT  \\$aBATCH-UPD$b40$c20120821$lBLL01$h1643
=CAT  \\$aBATCH-UPD$b40$c20121018$lBLL01$h1010
=CAT  \\$aWR13.117$c20130718$lBLL01$h1857
=CAT  \\$aW1606-1753$c20171028$lBLL01$h1342
=FIN  \\$aY$d20110830
=FMT  \\$a  SE
=LAS  \\$aW1606-1753$b00$c20171028$lBLL01$h1342
=SRC  \\$aBLDatasets$bresdataset.71pra
=TCO  \\$aTRS$bCCC$c008

