=LDR  02982 as a2200601 a 4500
=001  015876383
=003  Uk
=005  20120720121353.0
=006  m\\\\\\\\m\|\\\\\\
=007  cr\|||||||||||
=008  110811c200u9999ne\uu\d\o\\\\\0\\\a2eng\\
=024  7\$astm20110415a$2local
=040  \\$aUk$beng$cUk
=042  \\$aukblsr
=082  04$a616.9362$223
=245  00$aRMgmDB$h[electronic resource] :$brodent malaria genetically modified parasites.
=246  3\$aRMgm database
=260  \\$aLeiden :$bLeiden University Medical Centre
=336  \\$atext$2rdacontent
=337  \\$acomputer$2rdamedia
=338  \\$aonline resource$2rdacarrier
=500  \\$aTitle from home page (viewed on 11 Aug., 2011).
=506  \\$aData are free to access.
=510  3\$ahttp:/dx.doi.org/10.1016/j.pt.2010.06.016
=520  \\$aThe RMgm database, www.pberghei.eu, is a web-based, manually curated, repository containing information on genetically modified rodent-malaria parasites. It provides easy and rapid access to information on the genotype and phenotype of mutant and reporter parasites. The database also contains information on unpublished mutants without a clear phenotype and negative trials to disrupt genes. Information can be searched using pre-defined key features, such as phenotype, life-cycle stage, gene model, gene-tags and mutations. The information relating to the mutants is reciprocally linked to PlasmoDB and GeneDB. Access to mutant-parasite information, and gene function/ontology inferred from mutant phenotypes provides a timely resource aimed at enhancing research into Plasmodium gene function and (systems) biology.
=538  \\$aMode of access: World Wide Web.
=540  \\$aNot stated.
=584  \\$aData are generated by various laboratories contributing to the resource.
=650  \0$aMalaria$xResearch$vDatabases.
=650  \0$aPlasmodium$xResearch$vDatabases.
=650  \0$aTransgenic organisms$xResearch$vDatabases.
=653  2\$aNeglected Tropical Disease
=655  \7$aDataset.$2local
=655  \7$aExperimental data.$2local
=690  7\$aResearch Datasets Collection.$2blcoll
=710  2\$aLeids Universitair Medisch Centrum.$bLeiden Malaria Research Group.
=856  40$uhttp://www.pberghei.eu/$yResearch Datasets Collection
=859  \\$aXLD$bdatasets
=CAT  \\$a7332$b40$c20110811$lPRA01$h1044
=CAT  \\$a7332$b40$c20110811$lPRA01$h1447
=CAT  \\$a7332$b40$c20110823$lPRA01$h1418
=CAT  \\$aRESDATASET$b00$c20110825$lBLL01$h0938
=CAT  \\$a7332$b40$c20110830$lBLL01$h1426
=CAT  \\$a7332$b40$c20120720$lBLL01$h1213
=CAT  \\$aBATCH-UPD$b40$c20120821$lBLL01$h1643
=CAT  \\$aBATCH-UPD$b40$c20121018$lBLL01$h1010
=CAT  \\$aWR13.117$c20130718$lBLL01$h1857
=CAT  \\$aW1606-1753$c20171028$lBLL01$h1342
=FIN  \\$aY$d20110830
=FMT  \\$a  SE
=LAS  \\$aW1606-1753$b00$c20171028$lBLL01$h1342
=SRC  \\$aBLDatasets$bresdataset.71pra
=TCO  \\$aNLD$bSTICHTING REPRORECHT$c008

