=LDR  02893 ai a2200721 a 4500
=001  015876384
=003  Uk
=005  20110830151211.0
=006  m\\\\\\\\m\|\\\\\\
=007  cr\|||||||||||
=008  110303c19999999xxuuu\d\o\\\\\0\\\a2eng\\
=024  7\$astm20100108b$2local
=040  \\$aUk$beng$cUk
=082  04$a572.8633$223
=245  00$aComprehensive microbial resource$h[electronic resource].
=246  3\$aCMR
=260  \\$aRockville, MD :$bJ. Craig Venter Institute
=336  \\$atext$2rdacontent
=337  \\$acomputer$2rdamedia
=338  \\$aonline resource$2rdacarrier
=362  1\$aBegan in 1999?
=500  \\$aTitle from home page (viewed on May 16, 2011).
=506  \\$aData are free to access.
=516  \\$atext/plain, text/html.
=520  \\$aThe Comprehensive Microbial Resource (CMR) is a free website used to display information on all of the publicly available, complete prokaryotic genomes (bacteria, archaea and viruses). In addition to having all of the organisms on a single website, common data types across all genomes in the CMR make searches more meaningful, and cross genome analysis highlight differences and similarities between the genomes.
=538  \\$aMode of access: World Wide Web.
=540  \\$aNot stated.
=584  \\$aAccepting data submissions: no.
=650  \0$aBacterial genomes$vDatabases.
=650  \0$aBacterial diseases$vDatabases.
=650  \0$aNucleotide sequence$vDatabases.
=653  2\$aNeglected tropical disease
=655  \7$aDataset.$2local
=655  \7$aReference data.$2local
=655  \7$aExperimental data.$2local
=690  7\$aResearch Datasets Collection$2blcoll
=710  2\$aJ. Craig Venter Institute.
=856  40$uhttp://cmr.tigr.org/$yResearch Datasets Collection
=859  \\$aXLD$bdatasets
=CAT  \\$a11279$b40$c20110516$lPRA01$h1557
=CAT  \\$a11279$b40$c20110516$lPRA01$h1601
=CAT  \\$a11279$b40$c20110523$lPRA01$h1322
=CAT  \\$a11279$b40$c20110603$lPRA01$h1140
=CAT  \\$a7332$b40$c20110622$lPRA01$h1330
=CAT  \\$a11279$b40$c20110622$lPRA01$h1350
=CAT  \\$a11279$b40$c20110622$lPRA01$h1422
=CAT  \\$a11279$b40$c20110622$lPRA01$h1445
=CAT  \\$a7332$b40$c20110630$lPRA01$h1025
=CAT  \\$a7332$b40$c20110719$lPRA01$h0847
=CAT  \\$aRESDATASET$b00$c20110825$lBLL01$h0938
=CAT  \\$a7332$b40$c20110830$lBLL01$h1459
=CAT  \\$a7332$b40$c20110830$lBLL01$h1510
=CAT  \\$a7332$b40$c20110830$lBLL01$h1511
=CAT  \\$a7332$b40$c20110830$lBLL01$h1512
=CAT  \\$aBATCH-UPD$b40$c20120821$lBLL01$h1643
=CAT  \\$aBATCH-UPD$b40$c20121018$lBLL01$h1010
=CAT  \\$aWR13.117$c20130718$lBLL01$h1857
=CAT  \\$aW1606-1753$c20171028$lBLL01$h1342
=FIN  \\$aY$d20110830
=FMT  \\$a  SE
=LAS  \\$aW1606-1753$b00$c20171028$lBLL01$h1342
=SRC  \\$aBLDatasets$bresdataset.71pra
=TCO  \\$aTRS$bCCC$c008

