=LDR  02832 ai a2200709 a 4500
=001  015876386
=003  Uk
=005  20110830151203.0
=006  m\\\\\\\\m\|\\\\\\
=007  cr\|||||||||||
=008  110303c20069999xxuuu\d\o\\\\\0\\\a2eng\\
=024  7\$astm20100128ch$2local
=040  \\$aUk$beng$cUk
=082  04$a615.1$223
=245  00$aDrugBank$h[electronic resource].
=260  \\$a[Edmonton, Alta. :$bDepts. of Computing Science & Biological Sciences, University of Alberta]
=336  \\$atext$2rdacontent
=337  \\$acomputer$2rdamedia
=338  \\$aonline resource$2rdacarrier
=362  1\$aBegan in 2006?
=500  \\$aTitle from home page (viewed on May 23, 2011).
=500  \\$aSupported by David Wishart and Craig Knox, Departments of Computing Science & Biological Sciences, University of Alberta.
=506  \\$aData are free to access.
=516  \\$aText/html; text/plain; text/csv.
=520  \\$aThe DrugBank database is a bioinformatics and cheminformatics resource that combines detailed drug (i.e. chemical, pharmacological and pharmaceutical) data with comprehensive drug target (i.e. sequence, structure, and pathway) information.
=538  \\$aMode of access: World Wide Web.
=540  \\$aNot stated.
=584  \\$aAccepting data submissions: no.
=650  \0$aDrugs$vDatabases.
=650  \0$aDrugs$xTargeting$vDatabases.
=650  \0$aPharmacology$vDatabases.
=653  2\$aNeglected Tropical Disease
=655  \7$aDataset.$2local
=655  \7$aReference data.$2local
=655  \7$aExperimental data.$2local
=690  7\$aResearch Datasets Collection$2blcoll
=700  1\$aKnox, Craig.
=700  1\$aWishart, David Scott.
=710  2\$aUniversity of Alberta.$bDepartment of Biological Sciences.
=710  2\$aUniversity of Alberta.$bDepartment of Computing Science.
=856  40$uhttp://www.drugbank.ca/$yResearch Datasets Collection
=859  \\$aXLD$bdatasets
=985  \\$aRecord amended for WR# 13/070
=CAT  \\$a11279$b40$c20110523$lPRA01$h1433
=CAT  \\$a11279$b40$c20110523$lPRA01$h1638
=CAT  \\$a7332$b40$c20110622$lPRA01$h1415
=CAT  \\$a7332$b40$c20110622$lPRA01$h1421
=CAT  \\$a11279$b40$c20110623$lPRA01$h1638
=CAT  \\$a7332$b40$c20110630$lPRA01$h1031
=CAT  \\$aRESDATASET$b00$c20110825$lBLL01$h0938
=CAT  \\$a7332$b40$c20110830$lBLL01$h1508
=CAT  \\$a7332$b40$c20110830$lBLL01$h1512
=CAT  \\$aBATCH-UPD$b40$c20120821$lBLL01$h1643
=CAT  \\$aBATCH-UPD$b40$c20121018$lBLL01$h1009
=CAT  \\$aWR13_070$b00$c20130504$lBLL01$h0333
=CAT  \\$aWR13.117$c20130718$lBLL01$h1857
=CAT  \\$aW1606-1753$c20171028$lBLL01$h1342
=FIN  \\$aY$d20110830
=FMT  \\$a  SE
=LAS  \\$aW1606-1753$b00$c20171028$lBLL01$h1342
=SRC  \\$aBLDatasets$bresdataset.71pra
=TCO  \\$aTRS$bCCC$c008

