=LDR  02813 ai a2200637 a 4500
=001  015876387
=003  Uk
=005  20110830151457.0
=006  m\\\\\\\\m\|\\\\\\
=007  cr\|||||||||||
=008  080130c20089999xxuuu\d\o\\\\\0\\\a2eng\\
=024  7\$astm20100128ci$2local
=035  \\$a(OCoLC)277161372
=040  \\$aNLM$cNLM$dUk
=060  10$aQX 50
=082  04$a616.93$223
=245  00$aEuPathDB$h[electronic resource] :$beukaryotic pathogens database resources.
=260  \\$a[United States] :$bEuPath Project Team, EuPathDB.org
=336  \\$atext$2rdacontent
=337  \\$acomputer$2rdamedia
=338  \\$aonline resource$2rdacarrier
=362  1\$aBegan in 2006?
=506  \\$aData are free to access.
=516  \\$aText/html; text/plain; text/csv.
=520  3\$aEuPathDB (formerly ApiDB) is an integrated database covering the eukaryotic pathogens in the genera Cryptosporidium, Giardia, Entamoeba, Encephalitozoon, Leishmania, Neospora, Plasmodium, Toxoplasma, Trichomonas and Trypanosoma. While each of these groups is supported by a taxon-specific database built upon the same infrastructure, the EuPathDB portal offers an entry point to all of these resources, and the opportunity to leverage orthology for searches across genera. Other data types available other than genes are Isolates, Genomic sequences, Genomic segments (DNA Motif), SNPs, ESTs, ORFs and SAGE tags.
=538  \\$aMode of access: World Wide Web.
=540  \\$aNot stated.
=584  \\$aAccepting data submissions: no.
=588  \\$aDescription based on: Version 2.10, 3 May 2011; title from caption (viewed on May 23, 2011).
=650  \0$aEukaryotic cells$vDatabases.
=650  \0$aDrugs$vDatabases.
=650  \0$aPharmacology$vDatabases.
=650  \0$aDrugs$xTargeting$vDatabases.
=653  2\$aNeglected Tropical Disease
=655  \7$aDataset.$2local
=655  \7$aReference data.$2local
=655  \7$aExperimental data.$2local
=690  7\$aResearch Datasets Collection$2blcoll
=856  40$uhttp://eupathdb.org/eupathdb/$yResearch Datasets Collection
=859  \\$aXLD$bdatasets
=CAT  \\$a11279$b40$c20110523$lPRA01$h1636
=CAT  \\$a7332$b40$c20110622$lPRA01$h1508
=CAT  \\$a11279$b40$c20110623$lPRA01$h1633
=CAT  \\$a11279$b40$c20110623$lPRA01$h1644
=CAT  \\$a7332$b40$c20110719$lPRA01$h0815
=CAT  \\$aRESDATASET$b00$c20110825$lBLL01$h0938
=CAT  \\$a7332$b40$c20110830$lBLL01$h1514
=CAT  \\$aBATCH-UPD$b40$c20120821$lBLL01$h1643
=CAT  \\$aBATCH-UPD$b40$c20121018$lBLL01$h1009
=CAT  \\$aWR13.117$c20130718$lBLL01$h1857
=CAT  \\$aW1606-1753$c20171028$lBLL01$h1342
=FIN  \\$aY$d20110830
=FMT  \\$a  SE
=LAS  \\$aW1606-1753$b00$c20171028$lBLL01$h1342
=SRC  \\$aBLDatasets$bresdataset.71pra
=TCO  \\$aTRS$bCCC$c008

