=LDR  02664 as a2200661 a 4500
=001  015876389
=003  Uk
=005  20110830152136.0
=006  m\\\\\\\\m\|\\\\\\
=007  cr\|||||||||||
=008  110609c20079999xxuuu\d\o\\\\\0\\\a2eng\\
=024  7\$astm20100128cl$2local
=040  \\$aUk$beng$cUk
=042  \\$aukblsr
=082  04$a614.4$223
=245  00$aVectorBase$h[electronic resource].
=246  3\$aVector base
=260  \\$a[United States] :$bVectorBase
=336  \\$atext$2rdacontent
=337  \\$acomputer$2rdamedia
=338  \\$aonline resource$2rdacarrier
=362  1\$aBegan in 2007?
=500  \\$aTitle from home page (viewed on June 9, 2011).
=506  \\$aData are free to access.
=520  \\$aVectorBase is an NIAID-funded Bioinformatic Resource Center focused on invertebrate vectors of human pathogens. VectorBase annotates and curates vector genomes providing a web accessible integrated resource for the research community. Current genome releases: Anopheles gambiae, Aedes aegypti and Culex quinquefasciatus mosquitoes; Ixodes scapularis (tick); Rhodnius prolixus (kissing bug) and Pediculus humanus.
=538  \\$aMode of access: World Wide Web.
=540  \\$aNot stated.
=584  \\$aAccepting data submissions: no.
=650  \0$aInvertebrates$xDiseases$vDatabases.
=650  \0$aInvertebrates$xGenetics$vDatabases.
=650  \0$aInvertebrates as carriers of disease$vDatabases.
=653  2\$aNeglected Tropical Disease
=655  \7$aDataset.$2local
=655  \7$aExperimental data.$2local
=655  \7$aReference data.$2local
=690  7\$aResearch Datasets Collection$2blcoll
=710  2\$aUniversity of Notre Dame.
=710  2\$aNational Institute of Allergy and Infectious Diseases (U.S.)
=856  40$uhttp://www.vectorbase.org/$yResearch Datasets Collection
=859  \\$aXLD$bdatasets
=CAT  \\$a7332$b40$c20110609$lPRA01$h1256
=CAT  \\$a7332$b40$c20110622$lPRA01$h1606
=CAT  \\$a7332$b40$c20110623$lPRA01$h1049
=CAT  \\$a7332$b40$c20110630$lPRA01$h1032
=CAT  \\$a11279$b40$c20110630$lPRA01$h1104
=CAT  \\$a7332$b40$c20110719$lPRA01$h0759
=CAT  \\$a11279$b40$c20110823$lPRA01$h1351
=CAT  \\$aRESDATASET$b00$c20110825$lBLL01$h0938
=CAT  \\$a7332$b40$c20110830$lBLL01$h1521
=CAT  \\$aBATCH-UPD$b40$c20120821$lBLL01$h1643
=CAT  \\$aBATCH-UPD$b40$c20121018$lBLL01$h1009
=CAT  \\$aWR13.117$c20130718$lBLL01$h1857
=CAT  \\$aW1606-1753$c20171028$lBLL01$h1342
=FIN  \\$aY$d20110830
=FMT  \\$a  SE
=LAS  \\$aW1606-1753$b00$c20171028$lBLL01$h1342
=SRC  \\$aBLDatasets$bresdataset.71pra
=TCO  \\$aTRS$bCCC$c008

