=LDR  02649 as a2200661 a 4500
=001  015876390
=003  Uk
=005  20111006065529.0
=006  m\\\\\\\\m\|\\\\\\
=007  cr\|||||||||||
=008  110609c20099999xx\uu\d\o\\\\\0\\\a2eng\\
=024  7\$astm20100128cm$2local
=040  \\$aUk$beng$cUk
=041  1\$aeng$afre$aspa
=042  \\$aukblsr
=082  04$a616.9362$223
=245  00$aMalaria Atlas Project$h[electronic resource].
=246  3\$aMAP
=260  \\$a[S.l.] :$bMalaria Atlas Project
=336  \\$atext$2rdacontent
=337  \\$acomputer$2rdamedia
=338  \\$aonline resource$2rdacarrier
=362  1\$aBegan in 2009?
=500  \\$aTitle from home page (viewed on June 9, 2011).
=506  \\$aData are free to access.
=520  \\$aThe Malaria Atlas Project (MAP) was founded in 2005 ... a unique spatial database of linked information based on medical intelligence and satellite-derived climate data to constrain the limits of malaria transmission and the largest ever archive of community-based estimates of parasite prevalence.Provides world and regional level maps of P. falciparum malaria endemicity. Mean endemicity and uncertainty surface data can be downloaded for 2007.
=538  \\$aMode of access: World Wide Web.
=540  \\$aA version of Science or Creative Commons.
=546  \\$aIn English, French and Spanish versions.
=584  \\$aAccepting data submissions: no.
=650  \0$aMalaria$vDatabases.
=650  \0$aMalaria$vMaps$vDatabases.
=653  2\$aNeglected Tropical Disease
=655  \7$aDataset.$2local
=655  \7$aMonitoring data.$2local
=655  \7$aStatistics.$2local
=690  7\$aResearch Datasets Collection$2blcoll
=856  40$uhttp://www.map.ox.ac.uk/$yResearch Datasets Collection
=859  \\$aXLD$bdatasets
=CAT  \\$a7332$b40$c20110609$lPRA01$h1340
=CAT  \\$a7332$b40$c20110623$lPRA01$h1119
=CAT  \\$a11279$b40$c20110623$lPRA01$h1648
=CAT  \\$a7332$b40$c20110630$lPRA01$h1033
=CAT  \\$a11279$b40$c20110705$lPRA01$h1038
=CAT  \\$a7332$b40$c20110719$lPRA01$h0751
=CAT  \\$a11279$b40$c20110823$lPRA01$h1354
=CAT  \\$aRESDATASET$b00$c20110825$lBLL01$h0938
=CAT  \\$a7332$b40$c20110830$lBLL01$h1523
=CAT  \\$a7332$b40$c20111006$lBLL01$h0655
=CAT  \\$aBATCH-UPD$b40$c20120821$lBLL01$h1643
=CAT  \\$aBATCH-UPD$b40$c20121018$lBLL01$h1009
=CAT  \\$aWR13.117$c20130718$lBLL01$h1857
=CAT  \\$aW1606-1753$c20171028$lBLL01$h1342
=FIN  \\$aY$d20110830
=FMT  \\$a  SE
=LAS  \\$aW1606-1753$b00$c20171028$lBLL01$h1342
=SRC  \\$aBLDatasets$bresdataset.71pra
=TCO  \\$aXXX$c008

