=LDR  03522 as a2200649 a 4500
=001  015876391
=003  Uk
=005  20120720122801.0
=006  m\\\\\\\\m\|\\\\\\
=007  cr\|||||||||||
=008  110614c200u9999xx\uu\d\o\\\\\0\\\a2eng\\
=024  7\$astm20100128g$2local
=040  \\$aUk$beng$cUk
=042  \\$aukblsr
=082  04$a572.86293$223
=245  00$aProtozoaDB$h[electronic resource].
=260  \\$a[S.l.] :$bBiowebDB Consortium
=336  \\$atext$2rdacontent
=337  \\$acomputer$2rdamedia
=338  \\$aonline resource$2rdacarrier
=500  \\$aTitle from home page (viewed on June 14, 2011).
=506  \\$aData are free to access.
=520  \\$aProtozoaDB is being developed to initially host both genomics and post-genomics data from Plasmodium falciparum, Entamoeba histolytica, Trypanosoma brucei, T. cruzi and Leishmania major, but will hopefully host other protozoan species as more genomes are sequenced. It is based on the Genomics Unified Schema and offers a modern Web-based interface for user-friendly data visualization and exploration. This database is not intended to duplicate other similar efforts such as GeneDB, PlasmoDB, TcruziDB or even TDRtargets, but to be complementary by providing further analyses with emphasis on distant similarities (HMM-based) and phylogeny-based annotations including orthology analysis. ProtozoaDB will be progressively linked to the above-mentioned databases, focusing in performing a multi-source dynamic combination of information through advanced interoperable Web tools such as Web services. Also, to provide Web services will allow third-party software to retrieve and use data from ProtozoaDB in automated pipelines (workflows) or other interoperable Web technologies, promoting better information reuse and integration. We also expect ProtozoaDB to catalyze the development of local and regional bioinformatics capabilities (research and training), and therefore promote/enhance scientific advancement in developing countries.
=538  \\$aMode of access: World Wide Web.
=540  \\$aNot stated.
=584  \\$aAccepting data submissions: no.
=650  \0$aBacterial genomes$vDatabases.
=650  \0$aBacterial diseases$vDatabases.
=650  \0$aNucleotide sequence$vDatabases.
=653  2\$aNeglected Tropical Disease
=655  \7$aDataset.$2local
=655  \7$aExperimental data.$2local
=655  \7$aReference data.$2local
=690  7\$aResearch Datasets Collection$2blcoll
=710  2\$aBiowebDB Consortium.
=856  40$uhttp://protozoadb.biowebdb.org/home$yResearch Datasets Collection
=859  \\$aXLD$bdatasets
=CAT  \\$a7332$b40$c20110614$lPRA01$h0801
=CAT  \\$a7332$b40$c20110623$lPRA01$h1309
=CAT  \\$a7332$b40$c20110624$lPRA01$h1510
=CAT  \\$a7332$b40$c20110630$lPRA01$h1034
=CAT  \\$a7332$b40$c20110705$lPRA01$h1513
=CAT  \\$a7332$b40$c20110706$lPRA01$h1602
=CAT  \\$a7332$b40$c20110707$lPRA01$h0716
=CAT  \\$a11279$b40$c20110823$lPRA01$h1349
=CAT  \\$aRESDATASET$b00$c20110825$lBLL01$h0938
=CAT  \\$a7332$b40$c20110830$lBLL01$h1529
=CAT  \\$a7332$b40$c20120720$lBLL01$h1228
=CAT  \\$aBATCH-UPD$b40$c20120821$lBLL01$h1643
=CAT  \\$aBATCH-UPD$b40$c20121018$lBLL01$h1009
=CAT  \\$aWR13.117$c20130718$lBLL01$h1857
=CAT  \\$aW1606-1753$c20171028$lBLL01$h1342
=FIN  \\$aY$d20110830
=FMT  \\$a  SE
=LAS  \\$aW1606-1753$b00$c20171028$lBLL01$h1342
=SRC  \\$aBLDatasets$bresdataset.71pra
=TCO  \\$aXXX$c008

