=LDR  03515 ai a2200769 a 4500
=001  015876392
=003  Uk
=005  20110830153622.0
=006  m\\\\\\\\m\\\\\\\\
=007  cr\|||||||||||
=008  000310c19989999xxuuu\wso\\\\f0\\\\2eng\d
=016  7\$a101181605$2DNLM
=024  7\$astm20100128h$2local
=035  \\$a(OCoLC)43611619$z(OCoLC)44284395
=040  \\$aLTM$cLTM$dOCLCQ$dC@R$dOCL$dNLM$dOCLCQ$dGPO$dUk
=042  \\$aukblsr
=050  \4$aR836$b.P83
=060  10$aWA 17
=074  \\$a0504-W-07 (online)
=082  04$a614$223
=086  0\$aHE 20.7049:
=245  00$aPublic health image library$h[electronic resource] :$bPHIL.
=246  3\$aPHIL
=260  \\$aAtlanta, Ga. :$bDept. of Health and Human Services, Centers for Disease Control and Prevention
=336  \\$atext$2rdacontent
=337  \\$acomputer$2rdamedia
=338  \\$aonline resource$2rdacarrier
=362  1\$aBegan in 1998?
=500  \\$aTitle from home page (viewed on June 14, 2011).
=506  \\$aData are free to access.
=516  \\$aRepresentational (single images, image sets, and multimedia files).
=520  \\$aPHIL is an extensive collection of still images, image sets, and multimedia files related to public health. Much of the information critical to the communication of public health messages is pictorial rather than text-based. Created by a Working Group at the Centers for Disease Control and Prevention (CDC), the PHIL offers an organized, universal electronic gateway to CDC's pictures. We welcome public health professionals, the media, laboratory scientists, educators, students, and the worldwide public to use this material for reference, teaching, presentation, and public health messages. The content is organized into hierarchical categories of people, places, and science, and is presented as single images, image sets, and multimedia files. A text based advanced search engine is available.
=538  \\$aMode of access: World Wide Web.
=540  \\$aNot stated.
=584  \\$aAccepting data submissions: no.
=610  20$aCenters for Disease Control and Prevention (U.S.)$vPhotographs.
=650  \0$aPublic health$vAtlases.
=650  \0$aPublic health$vPhotographs.
=650  \0$aMedicine$vAtlases.
=650  \0$aMedicine$vPhotographs.
=653  2\$aNeglected Tropical Disease
=655  \7$aDataset.$2local
=655  \7$aRecordings.$2local
=655  \7$aPictorial Works.$2mesh
=690  7\$aResearch Datasets Collection$2blcoll
=710  2\$aCenters for Disease Control and Prevention (U.S.)
=856  40$uhttp://purl.access.gpo.gov/GPO/LPS81894$yResearch Datasets Collection
=856  40$uhttp://phil.cdc.gov/Phil/$yResearch Datasets Collection
=859  \\$aXLD$bdatasets
=CAT  \\$a7332$b40$c20110614$lPRA01$h1024
=CAT  \\$a7332$b40$c20110628$lPRA01$h0856
=CAT  \\$a7332$b40$c20110630$lPRA01$h1034
=CAT  \\$a7332$b40$c20110706$lPRA01$h0751
=CAT  \\$a7332$b40$c20110707$lPRA01$h0728
=CAT  \\$a11279$b40$c20110823$lPRA01$h1353
=CAT  \\$aRESDATASET$b00$c20110825$lBLL01$h0938
=CAT  \\$a7332$b40$c20110830$lBLL01$h1536
=CAT  \\$aBATCH-UPD$b40$c20120821$lBLL01$h1643
=CAT  \\$aBATCH-UPD$b40$c20121018$lBLL01$h1010
=CAT  \\$aWR13.117$c20130718$lBLL01$h1857
=CAT  \\$aW1606-1753$c20171028$lBLL01$h1342
=FIN  \\$aY$d20110830
=FMT  \\$a  SE
=LAS  \\$aW1606-1753$b00$c20171028$lBLL01$h1342
=SID  \\$aZ39$bOCLC
=SRC  \\$aBLDatasets$bresdataset.71pra
=TCO  \\$aTRS$bCCC$c008

