=LDR  02627 as a2200601 a 4500
=001  015876393
=003  Uk
=005  20110830153822.0
=006  m\\\\\\\\m\|\\\\\\
=007  cr\|||||||||||
=008  110614c20019999xxuuu\d\o\\\\\0\\\a2eng\\
=024  7\$astm20100128i$2local
=040  \\$aUk$beng$cUk
=042  \\$aukblsr
=082  04$a571.294$223
=245  00$aToxoDB$h[electronic resource] :$btoxoplasma genomics database.
=246  3\$aToxoplasma genomics database
=260  \\$a[United States] :$bEuPath Project Team, EuPathDB.org.
=336  \\$atext$2rdacontent
=337  \\$acomputer$2rdamedia
=338  \\$aonline resource$2rdacarrier
=362  1\$aBegan in 2001?
=500  \\$aTitle from home page (viewed on June 14, 2011).
=506  \\$aData are free to access.
=520  8\$aToxoDB (http://ToxoDB.org) is a genome and functional genomic database for the protozoan parasite Toxoplasma gondii. It incorporates the sequence and annotation of the T. gondii ME49 strain, as well as genome sequences for the GT1, VEG and RH (Chr Ia, Chr Ib) strains. Sequence information is integrated with various other genomic-scale data, including community annotation, ESTs, gene expression and proteomics data. ToxoDB has matured significantly since its initial release. Here we outline the numerous updates with respect to the data and increased functionality available on the website.
=538  \\$aMode of access: World Wide Web.
=540  \\$aNot stated.
=584  \\$aAccepting data submissions: no.
=650  \0$aToxoplasma gondii$xGenetics$vDatabases.
=653  2\$aNeglected Tropical Disease
=655  \7$aDataset.$2local
=655  \7$aExperimental data.$2local
=655  \7$aReference data.$2local
=690  7\$aResearch Datasets Collection$2blcoll
=856  40$uhttp://toxodb.org/$yResearch Datasets Collection
=859  \\$aXLD$bdatasets
=CAT  \\$a7332$b40$c20110614$lPRA01$h1255
=CAT  \\$a7332$b40$c20110628$lPRA01$h0850
=CAT  \\$a7332$b40$c20110630$lPRA01$h1035
=CAT  \\$a7332$b40$c20110706$lPRA01$h0752
=CAT  \\$a7332$b40$c20110707$lPRA01$h0726
=CAT  \\$a11279$b40$c20110823$lPRA01$h1348
=CAT  \\$aRESDATASET$b00$c20110825$lBLL01$h0938
=CAT  \\$a7332$b40$c20110830$lBLL01$h1538
=CAT  \\$aBATCH-UPD$b40$c20120821$lBLL01$h1643
=CAT  \\$aBATCH-UPD$b40$c20121018$lBLL01$h1009
=CAT  \\$aWR13.117$c20130718$lBLL01$h1857
=CAT  \\$aW1606-1753$c20171028$lBLL01$h1342
=FIN  \\$aY$d20110830
=FMT  \\$a  SE
=LAS  \\$aW1606-1753$b00$c20171028$lBLL01$h1342
=SRC  \\$aBLDatasets$bresdataset.71pra
=TCO  \\$aTRS$bCCC$c008

