=LDR  02696 as a2200661 a 4500
=001  015876394
=003  Uk
=005  20120724083803.0
=006  m\\\\\\\\m\|\\\\\\
=007  cr\|||||||||||
=008  110615c200u9999xxu\u\d\o\\\\\0\\\a2eng\\
=024  7\$astm20110216a$2local
=040  \\$aUk$beng$cUk
=042  \\$aukblsr
=082  04$a616.0792$223
=245  00$aImmune epitope database and analysis resource$h[electronic resource].
=246  3\$aIEDB
=260  \\$aBethesda, MD :$bNational Institute of Allergy and Infectious Disease
=336  \\$atext$2rdacontent
=337  \\$acomputer$2rdamedia
=338  \\$aonline resource$2rdacarrier
=500  \\$aTitle from home page (viewed on June 15, 2011).
=506  \\$aData are free to access.
=520  \\$aThe IEDB contains data related to antibody and T cell epitopes for humans, non-human primates, rodents, and other animal species. Curation of peptidic epitope data relating to all infectious diseases, including NIAID Category A, B, and C priority pathogens, NIAID Emerging and Re-emerging infectious diseases, allergens, and autoimmune diseases.
=538  \\$aMode of access: World Wide Web.
=540  \\$aNot stated.
=584  \\$aAccepting data submissions: no.
=650  \0$aAntigenic determinants$vDatabases.
=650  \0$aImmunospecificity$vDatabases.
=653  2\$aNeglected Tropical Disease
=655  \7$aDataset.$2local
=655  \7$aExperimental data.$2local
=690  7\$aResearch Datasets Collection$2blcoll
=710  2\$aLa Jolla Institute for Allergy and Immunology.
=710  2\$aNational Institutes of Health (U.S.)
=710  2\$aNational Institute of Allergy and Infectious Diseases (U.S.)
=856  40$uhttp://www.immuneepitope.org$yResearch Datasets Collection
=859  \\$aXLD$bdatasets
=CAT  \\$a7332$b40$c20110615$lPRA01$h0816
=CAT  \\$a7332$b40$c20110615$lPRA01$h1323
=CAT  \\$a7332$b40$c20110628$lPRA01$h0917
=CAT  \\$a7332$b40$c20110630$lPRA01$h1037
=CAT  \\$a7332$b40$c20110706$lPRA01$h0753
=CAT  \\$a7332$b40$c20110707$lPRA01$h0725
=CAT  \\$a11279$b40$c20110823$lPRA01$h1354
=CAT  \\$aRESDATASET$b00$c20110825$lBLL01$h0938
=CAT  \\$a7332$b40$c20110830$lBLL01$h1554
=CAT  \\$a7332$b40$c20120720$lBLL01$h1231
=CAT  \\$a7332$b40$c20120724$lBLL01$h0838
=CAT  \\$aBATCH-UPD$b40$c20120821$lBLL01$h1643
=CAT  \\$aBATCH-UPD$b40$c20121018$lBLL01$h1010
=CAT  \\$aWR13.117$c20130718$lBLL01$h1857
=CAT  \\$aW1606-1753$c20171028$lBLL01$h1342
=FIN  \\$aY$d20110830
=FMT  \\$a  SE
=LAS  \\$aW1606-1753$b00$c20171028$lBLL01$h1342
=SRC  \\$aBLDatasets$bresdataset.71pra
=TCO  \\$aTRS$bCCC$c008

