=LDR  02349 as a2200625 a 4500
=001  015876395
=003  Uk
=005  20120720123208.0
=006  m\\\\\\\\m\|\\\\\\
=007  cr\|||||||||||
=008  110615c200u9999xxuuu\d\o\\\\\0\\\a2eng\\
=024  7\$astm20110216b$2local
=040  \\$aUk$beng$cUk
=042  \\$aukblsr
=082  04$a616.9101$223
=245  00$aVirus pathogen resource$h[electronic resource].
=246  3\$aViPR
=246  3\$aVirus Pathogen Database and Analysis Resource
=260  \\$a[United States] :$bVirus pathogen resource
=336  \\$atext$2rdacontent
=337  \\$acomputer$2rdamedia
=338  \\$aonline resource$2rdacarrier
=500  \\$aTitle from home page (viewed on June 15, 2011).
=506  \\$aData are free to access.
=520  \\$aThe Virus Pathogen Resource (viprbrc.org) is a useful resource for the virology research community designed to assist users with various projects involving sequence and structure analysis, comparative genomics and virus phenotype studies among others.
=538  \\$aMode of access: World Wide Web.
=540  \\$aNot stated.
=584  \\$aAccepting data submissions: no.
=650  \0$aViral genetics$vDatabases.
=650  \0$aVirology$xResearch$vDatabases.
=653  2\$aNeglected Tropical Disease
=655  \7$aDataset.$2local
=655  \7$aExperimental.$2local
=655  \7$aReference data.$2local
=690  7\$aResearch Datasets Collection$2blcoll
=856  40$uhttp://www.viprbrc.org/$yResearch Datasets Collection
=859  \\$aXLD$bdatasets
=CAT  \\$a7332$b40$c20110615$lPRA01$h1338
=CAT  \\$a7332$b40$c20110628$lPRA01$h0835
=CAT  \\$a7332$b40$c20110630$lPRA01$h1038
=CAT  \\$a7332$b40$c20110706$lPRA01$h0753
=CAT  \\$a7332$b40$c20110707$lPRA01$h0723
=CAT  \\$a11279$b40$c20110823$lPRA01$h1355
=CAT  \\$aRESDATASET$b00$c20110825$lBLL01$h0938
=CAT  \\$a7332$b40$c20110830$lBLL01$h1557
=CAT  \\$a7332$b40$c20120720$lBLL01$h1232
=CAT  \\$aBATCH-UPD$b40$c20120821$lBLL01$h1643
=CAT  \\$aBATCH-UPD$b40$c20121018$lBLL01$h1010
=CAT  \\$aWR13.117$c20130718$lBLL01$h1857
=CAT  \\$aW1606-1753$c20171028$lBLL01$h1342
=FIN  \\$aY$d20110830
=FMT  \\$a  SE
=LAS  \\$aW1606-1753$b00$c20171028$lBLL01$h1342
=SRC  \\$aBLDatasets$bresdataset.71pra
=TCO  \\$aTRS$bCCC$c008

