=LDR  02671 as a2200601 a 4500
=001  015876397
=003  Uk
=005  20120720123250.0
=006  m\\\\\\\\m\|\\\\\\
=007  cr\|||||||||||
=008  110628c200u9999enkuu\d\o\\\\\0\\\a2eng\\
=024  7\$astm20110406b$2local
=040  \\$aUk$beng$cUk
=042  \\$aukblsr
=082  04$a595.772$223
=245  00$aAnopheles gambiae$h[electronic resource].
=260  \\$aHinxton :$bEuropean Bioinformatics Institute
=336  \\$atext$2rdacontent
=337  \\$acomputer$2rdamedia
=338  \\$aonline resource$2rdacarrier
=500  \\$aTitle from home page (viewed on June 28, 2011).
=506  \\$aData are free to access.
=520  \\$aAnnotation of the AgamP3 assembly was carried out by VectorBase. The set of gene models presented (genebuild AgamP3.6, released December 2010) combines manual annotation of chromosome arm 2L,2R & X, data provided by the research community, and gene prediction using the Ensembl system. Prediction utilised alignments of dipteran and other protein sets to the genome and generation of GeneWise models, alignment and gene prediction based on Anopheles ESTs, and selected ab initio predictions. 'Known' genes are those which could be named using entries from the community gene symbol database or from UniProt.
=538  \\$aMode of access: World Wide Web.
=540  \\$aNot stated.
=584  \\$aAccepting data submissions: no.
=650  \0$aAnopheles gambiae$xGenetics$vDatabases.
=653  2\$aNeglected Tropical Disease
=655  \7$aDataset.$2local
=655  \7$aExperimental data.$2local
=655  \7$aReference data.$2local
=690  7\$aResearch Datasets Collection$2blcoll
=710  2\$aEuropean Bioinformatics Institute.
=856  40$uhttp://metazoa.ensembl.org/Anopheles_gambiae/Info/Index$yResearch Datasets Collection
=859  \\$aXLD$bdatasets
=CAT  \\$a7332$b40$c20110628$lPRA01$h1119
=CAT  \\$a7332$b40$c20110630$lPRA01$h1040
=CAT  \\$a7332$b40$c20110706$lPRA01$h0754
=CAT  \\$a7332$b40$c20110707$lPRA01$h0715
=CAT  \\$a7332$b40$c20110707$lPRA01$h0805
=CAT  \\$a11279$b40$c20110823$lPRA01$h1352
=CAT  \\$aRESDATASET$b00$c20110825$lBLL01$h0938
=CAT  \\$a7332$b40$c20110830$lBLL01$h1606
=CAT  \\$a7332$b40$c20120720$lBLL01$h1232
=CAT  \\$aBATCH-UPD$b40$c20120821$lBLL01$h1643
=CAT  \\$aBATCH-UPD$b40$c20121018$lBLL01$h1009
=CAT  \\$aWR13.117$c20130718$lBLL01$h1857
=CAT  \\$aW1606-1753$c20171028$lBLL01$h1342
=FIN  \\$aY$d20110830
=FMT  \\$a  SE
=LAS  \\$aW1606-1753$b00$c20171028$lBLL01$h1342
=SRC  \\$aBLDatasets$bresdataset.71pra
=TCO  \\$aCLA$bCLA$c008

