=LDR  02417 as a2200649 a 4500
=001  015876398
=003  Uk
=005  20121023150707.0
=006  m\\\\\\\\m\|\\\\\\
=007  cr\|||||||||||
=008  110628c20039999is\uu\d\o\\\\\0\\\a2eng\\
=024  7\$astm20110406c$2local
=040  \\$aUk$beng$cUk$dUk
=042  \\$aukblsr
=082  04$a579.3$223
=245  00$aMalaria parasite$h[electronic resource] :$bbiology, biochemistry and physiology.
=246  3\$aMalaria parasite biology, biochemistry and physiology
=246  3\$aMalaria Parasite Metabolic Pathways
=260  \\$aJerusalem :$bComputation Authority of the Hebrew University of Jerusalem
=336  \\$atext$2rdacontent
=337  \\$acomputer$2rdamedia
=338  \\$aonline resource$2rdacarrier
=362  1\$aBegan in 2003.
=500  \\$aTitle from home page (viewed on June 28, 2011).
=506  \\$aData are free to access.
=520  \\$aA compilation of Plasmodium metabolic pathway maps culled from general biochemistry sites.
=538  \\$aMode of access: World Wide Web.
=584  \\$aAccepting data submissions: no.
=650  \0$aPlasmodium$vDatabases.
=650  \0$aPlasmodium$xMetabolism.
=653  2\$aNeglected Tropical Disease
=655  \7$aDataset.$2local
=655  \7$aReference data.$2local
=690  7\$aResearch Datasets Collection$2blcoll
=700  1\$aGinsburg, Hagai.
=710  2\$aUniversiṭah ha-ʿIvrit bi-Yerushalayim.$bComputation Authority.
=856  40$uhttp://priweb.cc.huji.ac.il/malaria/$yResearch Datasets Collection
=859  \\$aXLD$bdatasets
=CAT  \\$a7332$b40$c20110628$lPRA01$h1305
=CAT  \\$a7332$b40$c20110630$lPRA01$h1041
=CAT  \\$a7332$b40$c20110706$lPRA01$h0755
=CAT  \\$a7332$b40$c20110706$lPRA01$h1613
=CAT  \\$a7332$b40$c20110707$lPRA01$h0715
=CAT  \\$a11279$b40$c20110823$lPRA01$h1357
=CAT  \\$aRESDATASET$b00$c20110825$lBLL01$h0938
=CAT  \\$a7332$b40$c20110830$lBLL01$h1611
=CAT  \\$a7332$b40$c20120720$lBLL01$h1233
=CAT  \\$aBATCH-UPD$b40$c20120821$lBLL01$h1643
=CAT  \\$aBATCH-UPD$b40$c20121018$lBLL01$h1009
=CAT  \\$a7332$b40$c20121023$lBLL01$h1507
=CAT  \\$aWR13.117$c20130718$lBLL01$h1857
=CAT  \\$aW1606-1753$c20171028$lBLL01$h1342
=FIN  \\$aY$d20110830
=FMT  \\$a  SE
=LAS  \\$aW1606-1753$b00$c20171028$lBLL01$h1342
=SRC  \\$aBLDatasets$bresdataset.71pra
=TCO  \\$aXXX$c008

