=LDR  02918 as a2200649 a 4500
=001  015876399
=003  Uk
=005  20120720123336.0
=006  m\\\\\\\\m\|\\\\\\
=007  cr\|||||||||||
=008  110621c19999999xxuuu\d\o\\\\\0\\\a2eng\\
=024  7\$astm20110406d$2local
=040  \\$aUk$beng$cUk
=042  \\$aukblsr
=082  04$a595.772$223
=245  00$aSystematic catalog of Culicidae$h[electronic resource].
=260  \\$aWashington, DC :$bWalter Reed Biosystematics Unit, Smithsonian Institution
=336  \\$atext$2rdacontent
=337  \\$acomputer$2rdamedia
=338  \\$aonline resource$2rdacarrier
=362  1\$aBegan in 1999?
=506  \\$aData are free to access.
=520  \\$aThis web-based project began in 1999 with a flat html copy of the Knight and Stone 1977 catalog and the four supplements integrated into a single document. Funded by the U.S. Army, this information forms the basis for the catalog, though many changes in taxonomy, references and distribution have been incorporated since. In recent months a completely new database program has been written and replaces the antiquated version in place for many years. This catalog is as current as we can possibly keep it. When new species and distributions are found by us or are brought to our attention, they are added to the database and are immediately available.
=538  \\$aMode of access: World Wide Web.
=540  \\$aNot stated.
=584  \\$aAccepting data submissions: no.
=588  \\$aTitle from home page (viewed on June 21, 2011).
=650  \0$aMosquitoes$vClassification$vDatabases.
=650  \0$aMosquitoes$vNomenclature$vDatabases.
=653  2\$aNeglected Tropical Disease
=655  \7$aDataset.$2local
=655  \7$aReference data.$2local
=690  7\$aResearch Datasets Collection$2blcoll
=710  2\$aWalter Reed Biosystematics Unit.
=856  40$uhttp://www.mosquitocatalog.org/$yResearch Datasets Collection
=859  \\$aXLD$bdatasets
=CAT  \\$a7332$b40$c20110621$lPRA01$h0852
=CAT  \\$a7332$b40$c20110621$lPRA01$h0924
=CAT  \\$a7332$b40$c20110628$lPRA01$h0802
=CAT  \\$a7332$b40$c20110630$lPRA01$h1041
=CAT  \\$a7332$b40$c20110706$lPRA01$h0755
=CAT  \\$a7332$b40$c20110706$lPRA01$h1533
=CAT  \\$a7332$b40$c20110707$lPRA01$h0718
=CAT  \\$a7332$b40$c20110707$lPRA01$h0811
=CAT  \\$a11279$b40$c20110823$lPRA01$h1358
=CAT  \\$aRESDATASET$b00$c20110825$lBLL01$h0938
=CAT  \\$a7332$b40$c20110830$lBLL01$h1613
=CAT  \\$a7332$b40$c20120720$lBLL01$h1233
=CAT  \\$aBATCH-UPD$b40$c20120821$lBLL01$h1643
=CAT  \\$aBATCH-UPD$b40$c20121018$lBLL01$h1010
=CAT  \\$aWR13.117$c20130718$lBLL01$h1857
=CAT  \\$aW1606-1753$c20171028$lBLL01$h1342
=FIN  \\$aY$d20110830
=FMT  \\$a  SE
=LAS  \\$aW1606-1753$b00$c20171028$lBLL01$h1342
=SRC  \\$aBLDatasets$bresdataset.71pra
=TCO  \\$aTRS$bCCC$c008

