=LDR  02621 as a2200649 a 4500
=001  015876402
=003  Uk
=005  20120720120129.0
=006  m\\\\\\\\m\|\\\\\\
=007  cr\|||||||||||
=008  110624c200u9999enkuu\d\o\\\\\0\\\a2eng\\
=024  7\$astm20110407c$2local
=040  \\$aUk$beng$cUk
=042  \\$aukblsr
=082  04$a616.9883$223
=245  00$aChEMBL - Neglected Tropical Disease$h[electronic resource].
=246  3\$aChEMBL-NTD
=260  \\$aHinxton :$bEuropean Bioinformatics Institute
=336  \\$atext$2rdacontent
=337  \\$acomputer$2rdamedia
=338  \\$aonline resource$2rdacarrier
=500  \\$aTitle from home page (viewed on June 24, 2011).
=506  \\$aData are free to access.
=520  \\$aChEMBL - Neglected Tropical Disease archive, a repository for Open Access primary screening and medicinal chemistry data directed at neglected diseases - endemic tropical diseases of the developing regions of the Africa, Asia, and the Americas. The primary purpose of ChEMBL-NTD is to provide a freely accessible and permanent archive and distribution centre for deposited data.
=538  \\$aMode of access: World Wide Web.
=540  \\$aCreative Commons' CC0 license.
=584  \\$aAccepting data submissions: no.
=650  \0$aTropical diseases$xMedicine$vDatabases.
=650  \0$aBiological assay$vDatabases.
=650  \0$aDrug development$vDatabases.
=653  2\$aNeglected Tropical Disease
=655  \7$aDataset.$2local
=655  \7$aExperimental data.$2local
=655  \7$aReference data.$2local
=690  7\$aResearch Datasets Collection$2blcoll
=710  2\$aEuropean Bioinformatics Institute.
=856  40$uhttps://www.ebi.ac.uk/chemblntd$yResearch Datasets Collection
=859  \\$aXLD$bdatasets
=CAT  \\$a7332$b40$c20110624$lPRA01$h1502
=CAT  \\$a7332$b40$c20110628$lPRA01$h1111
=CAT  \\$a7332$b40$c20110630$lPRA01$h1043
=CAT  \\$a7332$b40$c20110706$lPRA01$h0757
=CAT  \\$a7332$b40$c20110706$lPRA01$h1546
=CAT  \\$a7332$b40$c20110707$lPRA01$h0716
=CAT  \\$a11279$b40$c20110823$lPRA01$h1359
=CAT  \\$aRESDATASET$b00$c20110825$lBLL01$h0938
=CAT  \\$a7332$b40$c20110830$lBLL01$h1619
=CAT  \\$a7332$b40$c20120720$lBLL01$h1201
=CAT  \\$aBATCH-UPD$b40$c20120821$lBLL01$h1643
=CAT  \\$aBATCH-UPD$b40$c20121018$lBLL01$h1009
=CAT  \\$aWR13.117$c20130718$lBLL01$h1857
=CAT  \\$aW1606-1753$c20171028$lBLL01$h1342
=FIN  \\$aY$d20110830
=FMT  \\$a  SE
=LAS  \\$aW1606-1753$b00$c20171028$lBLL01$h1342
=SRC  \\$aBLDatasets$bresdataset.71pra
=TCO  \\$aCLA$bCLA$c008

