=LDR  02667 ai a2200649 a 4500
=001  015876593
=003  Uk
=005  20120224080301.0
=006  m\\\\\\\\m\|\\\\\\
=007  cr\|||||||||||
=008  110825c200u9999dk\uu\d\o\\\\\0\\\a2eng\\
=024  7\$astm20100629c$2local
=040  \\$aUk$beng$cUk
=042  \\$aukblsr
=082  04$a578.094$223
=245  00$aEUNIS biodiversity database$h[electronic resource].
=246  3\$aEUNIS database
=246  3\$aEuropean Nature Information System database
=260  \\$aCopenhagen :$bEuropean Environment Agency
=336  \\$atext$2rdacontent
=337  \\$acomputer$2rdamedia
=338  \\$aonline resource$2rdacarrier
=500  \\$aTitle from home page (viewed on Oct. 7, 2011).
=506  \\$aData are free to access.
=516  \\$atext/html.
=520  \\$aEUNIS provides data on the distribution of species, habitats and protected sites in Europe. These are available via a basic keyword or advanced search. Species information includes population and trends in population by country, geographical distribution and Global Biodiversity Information Facility observation data. The geographic distribution of habitat types is given and site information includes geographic location and associated flora and fauna.
=538  \\$aMode of access: World Wide Web.
=540  \\$aNot stated.
=584  \\$aData are collected by ETC/BD.
=650  \0$aSpecies$zEurope$vDatabases.
=650  \0$aOrganisms$zEurope$vDatabases.
=650  \0$aHabitat (Ecology)$zEurope$vDatabases.
=650  \0$aProtected areas$zEurope$vDatabases.
=650  \0$aNature conservation$zEurope$vDatabases.
=653  2\$aLiving With Environmental Change
=655  \7$aDataset.$2local
=655  \7$aReference data.$2local
=655  \7$aMonitoring data.$2local
=690  7\$aResearch Datasets Collection$2blcoll
=710  2\$aEuropean Environment Agency.
=710  2\$aEionet (Network)
=710  2\$aEuropean Topic Centre on Biological Diversity.
=856  40$uhttp://eunis.eea.europa.eu$yResearch Datasets Collection
=859  \\$aXLD$bdatasets
=CAT  \\$aRESDATASET$b00$c20110825$lBLL01$h1145
=CAT  \\$a7332$b40$c20111007$lBLL01$h0916
=CAT  \\$a7332$b40$c20111122$lBLL01$h1134
=CAT  \\$a7332$b40$c20120224$lBLL01$h0803
=CAT  \\$aBATCH-UPD$b40$c20120821$lBLL01$h1643
=CAT  \\$aBATCH-UPD$b40$c20121018$lBLL01$h1009
=CAT  \\$aWR13.117$c20130718$lBLL01$h1857
=CAT  \\$aW1606-1753$c20171028$lBLL01$h1342
=FIN  \\$aY$d20111007
=FMT  \\$a  SE
=LAS  \\$aW1606-1753$b00$c20171028$lBLL01$h1342
=SRC  \\$aBLDatasets$bstm_datasets_20110825_mrc.xml
=TCO  \\$aZZZ$c008

