=LDR  02452 ai a2200613 a 4500
=001  015876594
=003  Uk
=005  20140319105733.0
=006  m\\\\\\\\m\|\\\\\\
=007  cr\|||||||||||
=008  110825c200u9999xx\uu\d\o\\\\\0\\\a2eng\\
=024  7\$astm20100128af$2local
=040  \\$aUk$beng$cUk
=042  \\$aukblsr
=082  04$a025.0655146$223
=245  00$aEuropean directory of marine environmental data sets$h[electronic resource].
=246  3\$aEDMED
=260  \\$a[S.l.] :$bSeaDataNet
=336  \\$atext$2rdacontent
=337  \\$acomputer$2rdamedia
=338  \\$aonline resource$2rdacarrier
=500  \\$aTitle from home page (viewed on Oct. 7, 2011).
=506  \\$aData are free to access.
=516  \\$atext/html.
=520  \\$aEDMED provides a listing of research datasets held at European research laboratories and other authorities collecting oceanographic data in digital and non-digital formats. Queries are currently served from the British Oceanographic Data Centre (BODC) and can be performed on a geographic area, keywords and country or data centre of origin.
=538  \\$aMode of access: World Wide Web.
=540  \\$aCreators/Contributors retain copyright.
=584  \\$aNational coordinators collect metadata for the directory.
=584  \\$aAccepting data submissions: No.
=650  \0$aOceanography$xResearch$zEurope$vDatabases.
=650  \0$aOnline databases$zEurope$vDirectories.
=653  2\$aLiving With Environmental Change
=655  \7$aDataset.$2local
=655  \7$aMetadata.$2local
=655  \7$aMonitoring data.$2local
=655  \7$aReference data.$2local
=690  7\$aResearch Datasets Collection$2blcoll
=710  2\$aSeaDataNet.
=856  40$uhttp://www.seadatanet.org/Metadata/EDMED-Datasets$yResearch Datasets Collection
=859  \\$aXLD$bdatasets
=CAT  \\$aRESDATASET$b00$c20110825$lBLL01$h1145
=CAT  \\$a7332$b40$c20111007$lBLL01$h1306
=CAT  \\$a7332$b40$c20111122$lBLL01$h1117
=CAT  \\$a7332$b40$c20120126$lBLL01$h1703
=CAT  \\$aBATCH-UPD$b40$c20120821$lBLL01$h1643
=CAT  \\$aBATCH-UPD$b40$c20121018$lBLL01$h1010
=CAT  \\$aWR13.117$c20130718$lBLL01$h1857
=CAT  \\$a7332$b40$c20140319$lBLL01$h1057
=CAT  \\$aW1606-1753$c20171028$lBLL01$h1342
=FIN  \\$aY$d20111007
=FMT  \\$a  SE
=LAS  \\$aW1606-1753$b00$c20171028$lBLL01$h1342
=SRC  \\$aBLDatasets$bstm_datasets_20110825_mrc.xml
=TCO  \\$aZZZ$c008

