=LDR  02669 ai a2200625 a 4500
=001  015876595
=003  Uk
=005  20120224081052.0
=006  m\\\\\\\\m\|\\\\\\
=007  cr\|||||||||||
=008  110825c200u9999gw\uu\w\o\\\\\0\\\a2eng\\
=024  7\$astm20100128aw$2local
=040  \\$aUk$beng$cUk
=041  0\$aeng$ager
=042  \\$aukblsr
=082  04$a551.4613$223
=245  00$aGerman Oceanographic Data Centre$h[electronic resource].
=246  3\$aDOD
=260  \\$aHamburg :$bBundesamt für Seeschifffahrt und Hydrographie
=336  \\$atext$2rdacontent
=337  \\$acomputer$2rdamedia
=338  \\$aonline resource$2rdacarrier
=500  \\$aTitle from home page (viewed on Oct. 21, 2011).
=506  \\$aData are free to access.
=516  \\$aimage/gif.
=520  \\$aProvides an archive for oceanographic data collected by German agencies and institutes. Gives access to cruise information including a cruise inventory and planned cruises, an inventory of oceanographic data from the Baltic and North seas and various other oceanographic forecast, observational and hydrographic survey datasets can be uncovered with a basic keyword search. Some data are currently only available in German.
=538  \\$aMode of access: World Wide Web.
=540  \\$aNot stated.
=546  \\$aInterface in English and German.
=584  \\$aData are collected from various sources by the DOD.
=584  \\$aAccepting data submissions: No.
=650  \0$aOceanography$zNorth Sea$vObservations$vDatabases.
=650  \0$aOceanography$zBaltic Sea$vObservations$vDatabases.
=650  \0$aOceanography$zNorth Atlantic Ocean$vObservations$vDatabases.
=653  2\$aLiving With Environmental Change
=655  \7$aDataset.$2local
=655  \7$aLongitudinal data.$2local
=655  \7$aObservational data.$2local
=655  \7$aReference data.$2local
=690  7\$aResearch Datasets Collection$2blcoll
=710  1\$aGermany.$bBundesamt für Seeschifffahrt und Hydrographie.
=856  40$uhttp://www.bsh.de/en/Marine_data/Observations/DOD_Data_Centre/index.jsp$yResearch Datasets Collection
=859  \\$aXLD$bdatasets
=CAT  \\$aRESDATASET$b00$c20110825$lBLL01$h1145
=CAT  \\$a7332$b40$c20111021$lBLL01$h0858
=CAT  \\$a7332$b40$c20120224$lBLL01$h0810
=CAT  \\$aBATCH-UPD$b40$c20120821$lBLL01$h1643
=CAT  \\$aBATCH-UPD$b40$c20121018$lBLL01$h1009
=CAT  \\$aWR13.117$c20130718$lBLL01$h1857
=CAT  \\$aW1606-1753$c20171028$lBLL01$h1342
=FIN  \\$aY$d20111021
=FMT  \\$a  SE
=LAS  \\$aW1606-1753$b00$c20171028$lBLL01$h1342
=SRC  \\$aBLDatasets$bstm_datasets_20110825_mrc.xml
=TCO  \\$aZZZ$c008

