=LDR  02413 ai a2200577 a 4500
=001  015876596
=003  Uk
=005  20111021103353.0
=006  m\\\\\\\\m\|\\\\\\
=007  cr\|||||||||||
=008  110825c200u9999xxuuu\d\o\\\\\0\\\a2eng\\
=024  7\$astm20100106a$2local
=040  \\$aUk$beng$cUk
=042  \\$aukblsr
=082  04$a577$223
=245  00$aNational Centre for Ecological Analysis and Synthesis data repository$h[electronic resource].
=246  3\$aNCEAS data repository
=260  \\$aSanta Barbara :$bNational Center for Ecological Analysis and Synthesis
=336  \\$atext$2rdacontent
=337  \\$acomputer$2rdamedia
=338  \\$aonline resource$2rdacarrier
=500  \\$aTitle from home page (viewed on Oct. 21, 2011).
=506  \\$aData are free to access.
=516  \\$atext/xml.
=520  \\$aThe NCEAS collects metadata relating to datasets from its funded research projects. These include data on ecology and allied subjects. Metadata can be submitted via the repository website or using the Morpho software. Metadata can be browsed or searched using keywords, and downloaded in Ecological Metadata Language. Data files for some records can be downloaded.
=522  \\$aUnited States.
=538  \\$aMode of access: World Wide Web.
=540  \\$aDataset dependant, see resource.
=584  \\$aMetadata is submitted by researchers funded by the NCEAS.
=584  \\$aAccepting data submissions: No.
=650  \0$aEcology$xResearch$vDatabases.
=653  2\$aLiving With Environmental Change
=655  \7$aDataset.$2local
=655  \7$aMetadata.$2local
=655  \7$aObservational Data.$2local
=655  \7$aLongitudinal data.$2local
=690  7\$aResearch Datasets Collection$2blcoll
=710  2\$aNational Center for Ecological Analysis and Synthesis.
=856  40$uhttp://knb.ecoinformatics.org/knb/style/skins/nceas/$yResearch Datasets Collection
=859  \\$aXLD$bdatasets
=CAT  \\$aRESDATASET$b00$c20110825$lBLL01$h1145
=CAT  \\$a7332$b40$c20111021$lBLL01$h1033
=CAT  \\$aBATCH-UPD$b40$c20120821$lBLL01$h1643
=CAT  \\$aBATCH-UPD$b40$c20121018$lBLL01$h1010
=CAT  \\$aWR13.117$c20130718$lBLL01$h1857
=CAT  \\$aW1606-1753$c20171028$lBLL01$h1342
=FIN  \\$aY$d20111021
=FMT  \\$a  SE
=LAS  \\$aW1606-1753$b00$c20171028$lBLL01$h1342
=SRC  \\$aBLDatasets$bstm_datasets_20110825_mrc.xml
=TCO  \\$aZZZ$c008

