=LDR  02949 ai a2200637 a 4500
=001  015876597
=003  Uk
=005  20111110115632.0
=006  m\\\\\\\\m\|\\\\\\
=007  cr\|||||||||||
=008  110825c200u9999enkuu\d\o\\\\\0\\\a2eng\\
=024  7\$astm20100107c$2local
=040  \\$aUk$beng$cUk
=042  \\$aukblsr
=082  04$a363.7063$223
=245  00$aUK Environmental Change Network$h[electronic resource].
=246  3\$aEnvironmental Change Network
=246  3\$aECN
=260  \\$aLancaster :$bECN
=336  \\$atext$2rdacontent
=337  \\$acomputer$2rdamedia
=338  \\$aonline resource$2rdacarrier
=500  \\$aTitle from home page (viewed on Nov. 8, 2011).
=506  \\$aSome data are restricted/sensitive.
=510  3\$uhttp://dx.doi.org/10.1016/j.biocon.2009.09.015
=516  \\$atext/plain; text/html.
=518  \\$a1990-01-.
=520  \\$aThe ECN collects data from across its sponsors (a consortium of 14 UK government departments and agencies), allowing multi-disciplinary analyses of environmental change. Biological, chemical and environmental monitoring data are available from freshwater and terrestrial sites in the UK. Summary data are available freely online, raw data are available on request, since permission may be needed from many sponsors, it may be 3-weeks before access can be granted. Summary data are viewed by site, graphically or on a table, and can be restricted by date or variable. They can then be downloaded via email in plain text format.
=522  \\$aUnited Kingdom.
=538  \\$aMode of access: World Wide Web.
=540  \\$aThe Natural Environment Research Council (NERC) holds Intellectual Property Rights (IPR) for all ECN data jointly with each participant, participants having equal IPR with NERC for their own sites' data.
=584  \\$aData are submitted by ECN sponsors.
=584  \\$aAccepting data submissions: Yes.
=650  \0$aEnvironmental monitoring$zGreat Britain$vDatabases.
=653  2\$aLiving With Environmental Change
=655  \7$aDataset.$2local
=655  \7$aObservational data.$2local
=655  \7$aMonitoring data.$2local
=655  \7$aLongitudinal data.$2local
=690  7\$aResearch Datasets Collection$2blcoll
=710  2\$aEnvironmental Change Network.
=856  40$uhttp://www.ecn.ac.uk/$yResearch Datasets Collection
=859  \\$aXLD$bdatasets
=CAT  \\$aRESDATASET$b00$c20110825$lBLL01$h1145
=CAT  \\$a7332$b40$c20111109$lBLL01$h0818
=CAT  \\$a7332$b40$c20111109$lBLL01$h0819
=CAT  \\$a7332$b40$c20111110$lBLL01$h1156
=CAT  \\$aBATCH-UPD$b40$c20120821$lBLL01$h1643
=CAT  \\$aBATCH-UPD$b40$c20121018$lBLL01$h1009
=CAT  \\$aWR13.117$c20130718$lBLL01$h1857
=CAT  \\$aW1606-1753$c20171028$lBLL01$h1342
=FIN  \\$aY$d20111109
=FMT  \\$a  SE
=LAS  \\$aW1606-1753$b00$c20171028$lBLL01$h1342
=SRC  \\$aBLDatasets$bstm_datasets_20110825_mrc.xml
=TCO  \\$aZZZ$c008

