=LDR  02539 ai a2200625 a 4500
=001  015876598
=003  Uk
=005  20120328113624.0
=006  m\\\\\\\\m\|\\\\\\
=007  cr\|||||||||||
=008  110825c200u9999xxuuu\d\o\\\\\0\\\a2eng\\
=024  7\$astm20091217a$2local
=040  \\$aUk$beng$cUk
=042  \\$aukblsr
=082  04$a363.73922$223
=245  00$aTechnology transfer network.$pAir quality system$h[electronic resource].
=246  3\$aAQS
=260  \\$a[United States] :$bEnvironmental Protection Agency
=336  \\$atext$2rdacontent
=337  \\$acomputer$2rdamedia
=338  \\$aonline resource$2rdacarrier
=500  \\$aTitle from home page (viewed on Oct. 11, 2011).
=506  \\$aUsers must register to access data.
=516  \\$aapplication/zip; text/plain.
=518  \\$a1993 -.
=520  \\$aVarious ambient air quality data reported from agencies across the US. Summary data by measurement, monitor or site is available online, and over 200 files of yearly raw data by pollutant, can be downloaded. Further data can be accessed via the Data Mart database or queried using a java interface. Data is formed of measured air quality and estimates of emissions.
=522  \\$aUnited States.
=538  \\$aMode of access: World Wide Web.
=540  \\$aPublic Domain.
=584  \\$aData is aggregated by the US EPA.
=584  \\$aAccepting data submissions: No.
=650  \0$aAir quality$xResearch$zUnited States$vDatabases.
=650  \0$aAtmosphere$xObservations$vDatabases.
=653  2\$aLiving With Environmental Change
=655  \7$aDataset.$2local
=655  \7$aMonitoring data.$2local
=655  \7$aReference data.$2local
=690  7\$aResearch Datasets Collection$2blcoll
=710  1\$aUnited States.$bEnvironmental Protection Agency.
=856  40$uhttp://www.epa.gov/ttn/airs/airsaqs/detaildata/$yResearch Datasets Collection
=859  \\$aXLD$bdatasets
=CAT  \\$aRESDATASET$b00$c20110825$lBLL01$h1145
=CAT  \\$a7332$b40$c20111011$lBLL01$h0826
=CAT  \\$a7332$b40$c20120111$lBLL01$h1137
=CAT  \\$a7332$b40$c20120224$lBLL01$h0902
=CAT  \\$a7332$b40$c20120328$lBLL01$h1136
=CAT  \\$aBATCH-UPD$b40$c20120821$lBLL01$h1643
=CAT  \\$aBATCH-UPD$b40$c20121018$lBLL01$h1010
=CAT  \\$aWR13.117$c20130718$lBLL01$h1857
=CAT  \\$aW1606-1753$c20171028$lBLL01$h1342
=FIN  \\$aY$d20111011
=FMT  \\$a  SE
=LAS  \\$aW1606-1753$b00$c20171028$lBLL01$h1342
=SRC  \\$aBLDatasets$bstm_datasets_20110825_mrc.xml
=TCO  \\$aZZZ$c008

