=LDR  02576 ai a2200625 a 4500
=001  015876599
=003  Uk
=005  20140115105701.0
=006  m\\\\\\\\m\|\\\\\\
=007  cr\|||||||||||
=008  110825c20099999enkuu\w\o\\\\\0\\\a2eng\\
=024  7\$astm20100128r$2local
=040  \\$aUk$beng$cUk
=042  \\$aukblsr
=082  04$a508.311072$223
=245  00$aPolar Data Centre$h[electronic resource].
=246  3\$aPDC
=260  \\$aCambridge :$bBritish Antarctic Survey,$c2009-
=336  \\$atext$2rdacontent
=337  \\$acomputer$2rdamedia
=338  \\$aonline resource$2rdacarrier
=500  \\$aTitle from home page (viewed on Sept. 29, 2011).
=506  \\$aSome data are restricted/sensitive.
=516  \\$aapplication/pdf.
=520  \\$aThe PDC collects polar research data created by NERC funded researchers and projects and other third parties (e.g. NASA). Data available includes observational studies, cruise reports, biodiversity, ice cores, sensor data and geographical information. Datasets can be identified with free text searches and browse of locations or GCMD keywords. Some data are available directly from the website, others require users to request data.
=522  \\$aAntarctica.
=538  \\$aMode of access: World Wide Web.
=540  \\$aCreators/Contributors retain copyright.
=584  \\$aData are collated from BAS activities and submitted to the PDC by researchers.
=584  \\$aAccepting data submissions: Yes.
=651  \0$aPolar regions$xResearch$vDatabases.
=653  2\$aLiving With Environmental Change
=655  \7$aDataset.$2local
=655  \7$aObservational data.$2local
=655  \7$aMonitoring data.$2local
=655  \7$aReference data.$2local
=690  7\$aResearch Datasets Collection$2blcoll
=710  2\$aBritish Antarctic Survey.
=710  2\$aPolar Data Centre.
=856  40$uhttp://data.antarctica.ac.uk/$yResearch Datasets Collection
=859  \\$aXLD$bdatasets
=CAT  \\$aRESDATASET$b00$c20110825$lBLL01$h1145
=CAT  \\$a7332$b40$c20110929$lBLL01$h1345
=CAT  \\$a7332$b40$c20111020$lBLL01$h1012
=CAT  \\$aBATCH-UPD$b40$c20120821$lBLL01$h1643
=CAT  \\$aBATCH-UPD$b40$c20121018$lBLL01$h1009
=CAT  \\$aWR13.117$c20130718$lBLL01$h1857
=CAT  \\$a7332$b40$c20140115$lBLL01$h1052
=CAT  \\$a7332$b40$c20140115$lBLL01$h1057
=CAT  \\$aW1606-1753$c20171028$lBLL01$h1342
=FIN  \\$aY$d20110929
=FMT  \\$a  SE
=LAS  \\$aW1606-1753$b00$c20171028$lBLL01$h1342
=SRC  \\$aBLDatasets$bstm_datasets_20110825_mrc.xml
=TCO  \\$aZZZ$c008

