=LDR  02658 ai a2200637 a 4500
=001  015876600
=003  Uk
=005  20120224100544.0
=006  m\\\\\\\\m\|\\\\\\
=007  cr\|||||||||||
=008  110825c200u9999at\uu\d\o\\\\\0\\\a2eng\\
=024  7\$astm20100128m$2local
=040  \\$aUk$beng$cUk
=042  \\$aukblsr
=082  04$a590.7232$223
=245  00$aARGOS satellite tracking$h[electronic resource].
=260  \\$aKingston :$bAustralian Antarctic Data Centre
=336  \\$atext$2rdacontent
=337  \\$acomputer$2rdamedia
=338  \\$aonline resource$2rdacarrier
=500  \\$aTitle from home page (viewed on Nov. 8, 2011).
=506  \\$aData are free to access.
=516  \\$atext/html; image/jpg.
=520  \\$aARGOS Satellite tracking provides geographical tracking data on buoys and individuals of various species of whale, seal and bird that have been tagged with an ARGOS tracker. Track visualisations are available and those of interest can be found by campaign or project, species or location.
=522  \\$aAntarctica.
=538  \\$aMode of access: World Wide Web.
=540  \\$aNot stated.
=584  \\$aData are submitted by ARGOS projects to the data centre.
=584  \\$aAccepting data submissions: No.
=650  \0$aArtificial satellites in wildlife management$zAntarctic Ocean$vDatabases.
=650  \0$aAnimal radio tracking$zAntarctic Ocean$vDatabases.
=650  \0$aArtificial satellites in wildlife management$zAntarctica$vDatabases.
=650  \0$aAnimal radio tracking$zAntarctica$vDatabases.
=650  \0$aMarine animals$zAntarctic Ocean$xGeographical distribution$vDatabases.
=650  \0$aAnimals$zAntarctica$xGeographical distribution$vDatabases.
=651  \0$aAntarctica$xResearch$vDatabases.
=653  2\$aLiving With Environmental Change
=655  \7$aDataset.$2local
=655  \7$aMonitoring data.$2local
=655  \7$aReference data.$2local
=690  7\$aResearch Datasets Collection$2blcoll
=710  2\$aAustralian Antarctic Data Centre.
=856  40$uhttp://data.aad.gov.au/aadc/argos/$yResearch Datasets Collection
=859  \\$aXLD$bdatasets
=CAT  \\$aRESDATASET$b00$c20110825$lBLL01$h1145
=CAT  \\$a7332$b40$c20111109$lBLL01$h0803
=CAT  \\$a7332$b40$c20120224$lBLL01$h1005
=CAT  \\$aBATCH-UPD$b40$c20120821$lBLL01$h1643
=CAT  \\$aBATCH-UPD$b40$c20121018$lBLL01$h1009
=CAT  \\$aWR13.117$c20130718$lBLL01$h1857
=CAT  \\$aW1606-1753$c20171028$lBLL01$h1342
=FIN  \\$aY$d20111109
=FMT  \\$a  SE
=LAS  \\$aW1606-1753$b00$c20171028$lBLL01$h1342
=SRC  \\$aBLDatasets$bstm_datasets_20110825_mrc.xml
=TCO  \\$aZZZ$c008

