=LDR  02690 ai a2200649 a 4500
=001  015876601
=003  Uk
=005  20111111111621.0
=006  m\\\\\\\\m\|\\\\\\
=007  cr\|||||||||||
=008  110825c200u9999xxuuu\d\o\\\\\0\\\a2eng\\
=024  7\$astm20100128l$2local
=040  \\$aUk$beng$cUk
=042  \\$aukblsr
=082  04$a551.6072$223
=245  00$aARM data archive$h[electronic resource].
=260  \\$a[United States] :$bAtmospheric Radiation Measurement Climate Research Facility
=336  \\$atext$2rdacontent
=337  \\$acomputer$2rdamedia
=338  \\$aonline resource$2rdacarrier
=500  \\$aTitle from home page (viewed on Nov. 9, 2011).
=506  \\$aUsers must register to access data.
=516  \\$atext/html; NetCDF.
=518  \\$a1993-.
=520  \\$aThe ARM Data Archive holds data from research carried out at the ARM Climate Research Facility, including in situ data from permanent and mobile monitoring stations and satellite data on atmospheric radiation and composition and meteorology. Data can be browsed or searched by location or instrument. Summary data can be viewed online and data downloaded via FTP.
=522  \\$a-180,80,-90,90.
=538  \\$aMode of access: World Wide Web.
=540  \\$aNot stated.
=584  \\$aData are from research at the ARM Climate Research Facility itself.
=584  \\$aAccepting data submissions: No.
=650  \0$aAtmospheric radiation$xResearch$vDatabases.
=650  \0$aClimatology$vDatabases.
=653  2\$aLiving With Environmental Change
=655  \7$aDataset.$2local
=655  \7$aMonitoring data.$2local
=655  \7$aLongitudinal data.$2local
=655  \7$aReference data.$2local
=690  7\$aResearch Datasets Collection$2blcoll
=710  1\$aUnited States.$bDepartment of Energy.$bOffice of Science.
=710  2\$aAtmospheric Radiation Measurement Climate Research Facility.
=856  40$uhttp://www.archive.arm.gov/armlogin/login.jsp$yResearch Datasets Collection
=859  \\$aXLD$bdatasets
=985  \\$aRecord amended for WR# 13/070
=CAT  \\$aRESDATASET$b00$c20110825$lBLL01$h1145
=CAT  \\$a7332$b40$c20111109$lBLL01$h1005
=CAT  \\$a7332$b40$c20111109$lBLL01$h1007
=CAT  \\$a7332$b40$c20111111$lBLL01$h1116
=CAT  \\$aBATCH-UPD$b40$c20120821$lBLL01$h1643
=CAT  \\$aBATCH-UPD$b40$c20121018$lBLL01$h1010
=CAT  \\$aWR13_070$b00$c20130504$lBLL01$h0333
=CAT  \\$aWR13.117$c20130718$lBLL01$h1857
=CAT  \\$aW1606-1753$c20171028$lBLL01$h1342
=FIN  \\$aY$d20111109
=FMT  \\$a  SE
=LAS  \\$aW1606-1753$b00$c20171028$lBLL01$h1342
=SRC  \\$aBLDatasets$bstm_datasets_20110825_mrc.xml
=TCO  \\$aZZZ$c008

