=LDR  02393 ai a2200589 a 4500
=001  015876602
=003  Uk
=005  20120224100955.0
=006  m\\\\\\\\m\|\\\\\\
=007  cr\|||||||||||
=008  110825c200u9999at\uu\d\o\\\\\0\\\a2eng\\
=024  7\$astm20091218a$2local
=040  \\$aUk$beng$cUk
=042  \\$aukblsr
=082  04$a998.90072$223
=245  00$aAustralian Antarctic Data Centre$h[electronic resource].
=246  3\$aAADC
=260  \\$aKingston :$bAustralian Antarctic Data Centre
=336  \\$atext$2rdacontent
=337  \\$acomputer$2rdamedia
=338  \\$aonline resource$2rdacarrier
=500  \\$aTitle from home page (viewed on Nov. 9, 2011).
=506  \\$aSome data are restricted/sensitive.
=516  \\$atext/plain; text/html; text/csv; image/gif; image/jpg.
=520  \\$aHolds varied Antarctic research data from Australia, including mapping, gazetteer, state of the environment reporting, research and observational data. Metadata catalogue search enables cross-data centre search. Data can be visualised or downloaded, depending on the resource.
=522  \\$aAntarctica.
=538  \\$aMode of access: World Wide Web.
=540  \\$aDigital data remain the property and copyright of the Commonwealth of Australia through the Australian Antarctic Division.
=584  \\$aData is submitted to and aggregated by the AADC.
=584  \\$aAccepting data submissions: Yes.
=651  \0$aAntarctica$xResearch$vDatabases.
=653  2\$aLiving With Environmental Change
=655  \7$aDataset.$2local
=655  \7$aObservational data.$2local
=655  \7$aMonitoring data.$2local
=655  \7$aLongitudinal data.$2local
=690  7\$aResearch Datasets Collection$2blcoll
=710  2\$aAustralian Antarctic Data Centre.
=856  40$uhttp://data.aad.gov.au/$yResearch Datasets Collection
=859  \\$aXLD$bdatasets
=CAT  \\$aRESDATASET$b00$c20110825$lBLL01$h1145
=CAT  \\$a7332$b40$c20111109$lBLL01$h1027
=CAT  \\$a7332$b40$c20120224$lBLL01$h1009
=CAT  \\$aBATCH-UPD$b40$c20120821$lBLL01$h1643
=CAT  \\$aBATCH-UPD$b40$c20121018$lBLL01$h1009
=CAT  \\$aWR13.117$c20130718$lBLL01$h1857
=CAT  \\$aW1606-1753$c20171028$lBLL01$h1342
=FIN  \\$aY$d20111109
=FMT  \\$a  SE
=LAS  \\$aW1606-1753$b00$c20171028$lBLL01$h1342
=SRC  \\$aBLDatasets$bstm_datasets_20110825_mrc.xml
=TCO  \\$aZZZ$c008

