=LDR  02465 ai a2200601 a 4500
=001  015876605
=003  Uk
=005  20111028154415.0
=006  m\\\\\\\\m\|\\\\\\
=007  cr\|||||||||||
=008  110825c200u9999be\uu\d\o\\\\\0\\\a2eng\\
=024  7\$astm20091219c$2local
=040  \\$aUk$beng$cUk
=042  \\$aukblsr
=082  04$a551.461336$223
=245  00$aBelgian Marine Data Centre$h[electronic resource].
=246  3\$aBMDC
=260  \\$aBrussels :$bManagement Unit of the North Sea Mathematical Models, Royal Belgian Institute of Natural Sciences
=336  \\$atext$2rdacontent
=337  \\$acomputer$2rdamedia
=338  \\$aonline resource$2rdacarrier
=500  \\$aTitle from home page (viewed on Oct. 28, 2011).
=506  \\$aUsers must register to access data.
=516  \\$atext/html.
=520  \\$aBMDC provides a range of oceanographic data to registered users. Includes parameters measured in water, air, sediment and biota. Data can be visualised online and downloaded with the appropriate permissions. Some data are under embargo, see each collection for details.
=522  \\$aNorth Sea.
=538  \\$aMode of access: World Wide Web.
=540  \\$aCreators/Contributors retain copyright.
=584  \\$aData are submitted to the BMDC by researchers.
=584  \\$aAccepting data submissions: Yes.
=650  \0$aOceanography$xResearch$zNorth Sea$vDatabases.
=653  2\$aLiving With Environmental Change
=655  \7$aDataset.$2local
=655  \7$aObservational data.$2local
=655  \7$aLongitudinal data.$2local
=655  \7$aReference data.$2local
=690  7\$aResearch Datasets Collection$2blcoll
=710  2\$aInstitut royal des sciences naturelles de Belgique.$bManagement Unit of the North Sea Mathematical Models.
=856  40$uhttp://www.mumm.ac.be/datacentre/$yResearch Datasets Collection
=859  \\$aXLD$bdatasets
=CAT  \\$aRESDATASET$b00$c20110825$lBLL01$h1145
=CAT  \\$a7332$b40$c20111028$lBLL01$h1302
=CAT  \\$a7332$b40$c20111028$lBLL01$h1544
=CAT  \\$aBATCH-UPD$b40$c20120821$lBLL01$h1643
=CAT  \\$aBATCH-UPD$b40$c20121018$lBLL01$h1010
=CAT  \\$aWR13.117$c20130718$lBLL01$h1857
=CAT  \\$aBATCH-UPD$b00$c20160924$lBLL01$h0302
=CAT  \\$aW1606-1753$c20171028$lBLL01$h1342
=FIN  \\$aY$d20111028
=FMT  \\$a  SE
=LAS  \\$aW1606-1753$b00$c20171028$lBLL01$h1342
=SRC  \\$aBLDatasets$bstm_datasets_20110825_mrc.xml
=TCO  \\$aZZZ$c008

