=LDR  02217 ai a2200589 a 4500
=001  015876606
=003  Uk
=005  20111011103844.0
=006  m\\\\\\\\m\|\\\\\\
=007  cr\|||||||||||
=008  110825c200u9999xxuuu\d\o\\\\\0\\\a2eng\\
=024  7\$astm20100128aj$2local
=040  \\$aUk$beng$cUk
=042  \\$aukblsr
=082  04$a593.5$223
=245  00$aBiogeoinformatics of hexacorals$h[electronic resource].
=260  \\$aLawrence :$bKansas Geological Survey
=310  \\$aMonthly
=336  \\$atext$2rdacontent
=337  \\$acomputer$2rdamedia
=338  \\$aonline resource$2rdacarrier
=500  \\$aTitle from home page (viewed on Oct. 11, 2011).
=506  \\$aRegistration required for some of the data.
=516  \\$atext/plain; text/html.
=520  \\$aProvides geospatial and biological data on Hexacorallia observations and collected specimens. Environmental data for the locations of observations and collection is also given. Data can be filtered by location and downloaded.
=538  \\$aMode of access: World Wide Web.
=540  \\$aNot stated.
=584  \\$aData are collated from the literature.
=650  \0$aZoantharia$xGeographical distribution$vDatabases.
=650  \0$aZoantharia$vClassification$vDatabases.
=650  \0$aZoantharia$xHabitat$vDatabases.
=653  2\$aLiving With Environmental Change
=655  \7$aDataset.$2local
=655  \7$aObservational data.$2local
=655  \7$aReference data.$2local
=690  7\$aResearch Datasets Collection$2blcoll
=700  1\$aFautin, Daphne Gail.
=700  1\$aBuddemeier, Robert W.
=710  2\$aKansas Geological Survey.
=856  40$uhttp://www.kgs.ku.edu/Hexacoral/$yResearch Datasets Collection
=859  \\$aXLD$bdatasets
=CAT  \\$aRESDATASET$b00$c20110825$lBLL01$h1145
=CAT  \\$a7332$b40$c20111011$lBLL01$h1038
=CAT  \\$aBATCH-UPD$b40$c20120821$lBLL01$h1643
=CAT  \\$aBATCH-UPD$b40$c20121018$lBLL01$h1009
=CAT  \\$aWR13.117$c20130718$lBLL01$h1857
=CAT  \\$aW1606-1753$c20171028$lBLL01$h1342
=FIN  \\$aY$d20111011
=FMT  \\$a  SE
=LAS  \\$aW1606-1753$b00$c20171028$lBLL01$h1342
=SRC  \\$aBLDatasets$bstm_datasets_20110825_mrc.xml
=TCO  \\$aZZZ$c008

