=LDR  02532 ai a2200601 a 4500
=001  015876607
=003  Uk
=005  20111109105553.0
=006  m\\\\\\\\m\|\\\\\\
=007  cr\|||||||||||
=008  110825c200u9999xxuuu\d\o\\\\\0\\\a2eng\\
=024  7\$astm20100629a$2local
=040  \\$aUk$beng$cUk
=042  \\$aukblsr
=082  04$a570.12$223
=245  00$aBiological inventories of the world's protected areas$h[electronic resource].
=260  \\$aDavis :$bInformation Center for the Environment
=336  \\$atext$2rdacontent
=337  \\$acomputer$2rdamedia
=338  \\$aonline resource$2rdacarrier
=500  \\$aTitle from home page (viewed on Nov. 9, 2011).
=506  \\$aData are free to access.
=516  \\$atext/csv; text/html.
=520  \\$aThe inventory contains a list of the bird, reptile, fish, plant, amphibian and mammal species observed in protected habitats from over 130 countries. These can be listed and downloaded by area (listing of species occurring in area of interest) or species (listing of all areas in which the species occurs). The data cannot be used to indicate a change in species over time.
=538  \\$aMode of access: World Wide Web.
=540  \\$aNot stated.
=584  \\$aData are collated by the ICE from published sources.
=650  \0$aAnimals$vClassification$vDatabases.
=650  \0$aAnimals$vNomenclature$vDatabases.
=650  \0$aPlants$vClassification$vDatabases.
=650  \0$aPlants$vNomenclature$vDatabases.
=650  \0$aAnimals$xGeographical distribution$vDatabases.
=650  \0$aPlants$xGeographical distribution$vDatabases.
=650  \0$aProtected areas$vDatabases.
=653  2\$aLiving With Environmental Change
=655  \7$aDataset.$2local
=655  \7$aReference data.$2local
=655  \7$aObservational data.$2local
=690  7\$aResearch Datasets Collection$2blcoll
=710  2\$aInformation Center for the Environment.
=856  40$uhttp://www.ice.ucdavis.edu/bioinventory/bioinventory.html$yResearch Datasets Collection
=859  \\$aXLD$bdatasets
=CAT  \\$aRESDATASET$b00$c20110825$lBLL01$h1145
=CAT  \\$a7332$b40$c20111109$lBLL01$h1055
=CAT  \\$aBATCH-UPD$b40$c20120821$lBLL01$h1643
=CAT  \\$aBATCH-UPD$b40$c20121018$lBLL01$h1010
=CAT  \\$aWR13.117$c20130718$lBLL01$h1857
=CAT  \\$aW1606-1753$c20171028$lBLL01$h1342
=FIN  \\$aY$d20111109
=FMT  \\$a  SE
=LAS  \\$aW1606-1753$b00$c20171028$lBLL01$h1342
=SRC  \\$aBLDatasets$bstm_datasets_20110825_mrc.xml
=TCO  \\$aZZZ$c008

