=LDR  02501 ai a2200613 a 4500
=001  015876608
=003  Uk
=005  20120224102216.0
=006  m\\\\\\\\m\|\\\\\\
=007  cr\|||||||||||
=008  110825c200u9999enkuu\d\o\\\\\0\\\a2eng\\
=024  7\$astm20100128s$2local
=040  \\$aUk$beng$cUk
=042  \\$aukblsr
=082  04$a551.5$223
=245  00$aBritish Atmospheric Data Centre$h[electronic resource].
=246  3\$aBADC
=260  \\$bBritish Atmospheric Data Centre
=336  \\$atext$2rdacontent
=337  \\$acomputer$2rdamedia
=338  \\$aonline resource$2rdacarrier
=500  \\$aTitle from home page (viewed on Nov. 9, 2011).
=506  \\$aSome data require permission to access.
=516  \\$atext/plain; image/png.
=520  \\$aThe BADC is a NERC designated data centre - NERC funded atmospheric research data is offered to and made available by the BADC where appropriate. Datasets are available to download, but permission is required for some restricted sets. Includes monitoring, observational and modelled atmospheric and some meteorological data. BADC is also responsible for a copy of IPCC data.
=538  \\$aMode of access: World Wide Web.
=540  \\$aCreators/Contributors retain copyright.
=584  \\$aData are submitted by NERC funded research projects.
=584  \\$aAccepting data submissions: Yes.
=650  \0$aAtmosphere$vObservations$vDatabases.
=650  \0$aMeteorology$vObservations$vDatabases.
=653  2\$aLiving With Environmental Change
=655  \7$aDataset.$2local
=655  \7$aLongitudinal data.$2local
=655  \7$aMonitoring data.$2local
=655  \7$aModelled data.$2local
=690  7\$aResearch Datasets Collection$2blcoll
=710  2\$aBritish Atmospheric Data Centre.
=856  40$uhttp://badc.nerc.ac.uk/home/index.html$yResearch Datasets Collection
=859  \\$aXLD$bdatasets
=CAT  \\$aRESDATASET$b00$c20110825$lBLL01$h1145
=CAT  \\$a7332$b40$c20111109$lBLL01$h1121
=CAT  \\$a7332$b40$c20111110$lBLL01$h1250
=CAT  \\$a7332$b40$c20111111$lBLL01$h1019
=CAT  \\$a7332$b40$c20120224$lBLL01$h1022
=CAT  \\$aBATCH-UPD$b40$c20120821$lBLL01$h1643
=CAT  \\$aBATCH-UPD$b40$c20121018$lBLL01$h1009
=CAT  \\$aWR13.117$c20130718$lBLL01$h1857
=CAT  \\$aW1606-1753$c20171028$lBLL01$h1342
=FIN  \\$aY$d20111109
=FMT  \\$a  SE
=LAS  \\$aW1606-1753$b00$c20171028$lBLL01$h1342
=SRC  \\$aBLDatasets$bstm_datasets_20110825_mrc.xml
=TCO  \\$aZZZ$c008

