=LDR  02527 ai a2200601 a 4500
=001  015876609
=003  Uk
=005  20120224102351.0
=006  m\\\\\\\\m\|\\\\\\
=007  cr\|||||||||||
=008  110825c200u9999enkuu\d\o\\\\\0\\\a2eng\\
=024  7\$astm20100128z$2local
=040  \\$aUk$beng$cUk
=042  \\$aukblsr
=082  04$a551.46$223
=245  00$aBritish Oceanographic Data Centre$h[electronic resource].
=246  3\$aBODC
=260  \\$aLiverpool :$bBritish Oceanographic Data Centre
=336  \\$atext$2rdacontent
=337  \\$acomputer$2rdamedia
=338  \\$aonline resource$2rdacarrier
=500  \\$aTitle from home page (viewed on Nov. 9, 2011).
=506  \\$aRegistration is required for some of the data.
=516  \\$aapplication/zip.
=520  \\$aThe BODC is NERC's designated data centre for oceanographic research data. This includes physical, chemical and biological ocean data such as water quality, meteorology, ocean geophysics, remote sensing data, atlases and maps, fishery data, sea floor samples and modelling data. Most data is publicly accessible, but some require registration and others are not currently online and must be requested. Available data can be visualised online or downloaded.
=538  \\$aMode of access: World Wide Web.
=540  \\$aCreators/Contributors retain copyright.
=584  \\$aResearchers submit data to the BODC.
=584  \\$aAccepting data submissions: Yes.
=650  \0$aOceanography$xResearch$vDatabases.
=650  \0$aOceanography$vObservations$vDatabases.
=653  2\$aLiving With Environmental Change
=655  \7$aDataset.$2local
=655  \7$aLongitudinal data.$2local
=655  \7$aObservational data.$2local
=655  \7$aReference data.$2local
=690  7\$aResearch Datasets Collection$2blcoll
=710  2\$aBritish Oceanographic Data Centre.
=856  40$uhttp://www.bodc.ac.uk/$yResearch Datasets Collection
=859  \\$aXLD$bdatasets
=CAT  \\$aRESDATASET$b00$c20110825$lBLL01$h1145
=CAT  \\$a7332$b40$c20111109$lBLL01$h1248
=CAT  \\$a7332$b40$c20111110$lBLL01$h1250
=CAT  \\$a7332$b40$c20120224$lBLL01$h1023
=CAT  \\$aBATCH-UPD$b40$c20120821$lBLL01$h1643
=CAT  \\$aBATCH-UPD$b40$c20121018$lBLL01$h1009
=CAT  \\$aWR13.117$c20130718$lBLL01$h1857
=CAT  \\$aW1606-1753$c20171028$lBLL01$h1342
=FIN  \\$aY$d20111109
=FMT  \\$a  SE
=LAS  \\$aW1606-1753$b00$c20171028$lBLL01$h1342
=SRC  \\$aBLDatasets$bstm_datasets_20110825_mrc.xml
=TCO  \\$aZZZ$c008

