=LDR  02808 am a2200685 a 4500
=001  015876610
=003  Uk
=005  20121009092236.0
=006  m\\\\\\\\d\|\\\\\\
=007  cr\|||||||||||
=008  110825s200u\\\\kz\\\\\\o\\\\\000\0\eng\\
=024  7\$astm20100128ae$2local
=040  \\$aUk$beng$cUk
=042  \\$aukblsr
=082  04$a333.91609475$223
=245  00$aCaspian Sea data inventory$h[electronic resource] :$bthe Caspian Sea oceanographic and environmental data inventory.
=246  3\$aCaspian Sea oceanographic and environmental data inventory
=246  3\$aCSDI
=260  \\$aAstana :$bCaspian Environment Programme,$c[200-?]
=336  \\$atext$2rdacontent
=337  \\$acomputer$2rdamedia
=338  \\$aonline resource$2rdacarrier
=500  \\$aTitle from home page (viewed on Oct. 12, 2011).
=500  \\$aData is static.
=506  \\$aData are free to access.
=516  \\$aBespoke software.
=518  \\$a1926-2001.
=520  \\$aThe CSDI provides an inventory of datasets about the Caspian Sea. The full inventory can be downloaded (Windows only) and searched for data of interest. Contact information for the creators of datasets of interest is given.
=522  \\$aCaspian Sea.
=538  \\$aMode of access: World Wide Web.
=540  \\$aCopyright: Caspian Environment Programme.
=584  \\$aData are collated by members of the Caspian Environment Programme.
=650  \0$aOceanography$zCaspian Sea$vObservations$vDatabases.
=650  \0$aMarine ecology$zCaspian Sea$vDatabases.
=651  \0$aCaspian Sea$xEnvironmental conditions$vDatabases.
=653  2\$aLiving With Environmental Change
=655  \7$aDataset.$2local
=655  \7$aMetadata.$2local
=655  \7$aMonitoring data.$2local
=655  \7$aReference data.$2local
=690  7\$aResearch Datasets Collection$2blcoll
=710  2\$aCaspian Environment Program.
=856  40$uhttp://www.caspianenvironment.org/dim/menu6.htm$yResearch Datasets Collection
=859  \\$aXLD$bdatasets
=985  \\$a710 new hdg? http://www.caspianenvironment.org/newsite/index.htm - CaspEcoProject Management and Coordination Unit?
=CAT  \\$aRESDATASET$b00$c20110825$lBLL01$h1145
=CAT  \\$a7332$b40$c20111012$lBLL01$h0856
=CAT  \\$a7332$b40$c20111012$lBLL01$h0908
=CAT  \\$a7332$b40$c20120224$lBLL01$h1027
=CAT  \\$aBATCH-UPD$b40$c20120821$lBLL01$h1643
=CAT  \\$a7332$b40$c20121009$lBLL01$h0917
=CAT  \\$a7332$b40$c20121009$lBLL01$h0922
=CAT  \\$aBATCH-UPD$b40$c20121018$lBLL01$h1009
=CAT  \\$aWR13.117$c20130718$lBLL01$h1857
=CAT  \\$aW1606-1753$c20171028$lBLL01$h1342
=FIN  \\$aY$d20111012
=FMT  \\$a  BK
=LAS  \\$aW1606-1753$b00$c20171028$lBLL01$h1342
=SRC  \\$aBLDatasets$bstm_datasets_20110825_mrc.xml
=TCO  \\$aZZZ$c008

