=LDR  02893 ai a2200637 a 4500
=001  015876613
=003  Uk
=005  20111012112626.0
=006  m\\\\\\\\m\|\\\\\\
=007  cr\|||||||||||
=008  110825c20049999xxumr\d\o\\\\\0\\\a2eng\\
=024  7\$astm20100128v$2local
=040  \\$aUk$beng$cUk
=042  \\$aukblsr
=082  04$a578.776$223
=245  00$aCOPEPOD$h[electronic resource] :$ba global plankton database of phytoplankton data and zooplankton data sampled from around the world.
=246  3\$aCoastal & oceanic plankton ecology, production, & observation database
=260  \\$aSilver Spring :$bNational Marine Fisheries Service,$c2004-
=310  \\$aMonthly
=336  \\$atext$2rdacontent
=337  \\$acomputer$2rdamedia
=338  \\$aonline resource$2rdacarrier
=500  \\$aTitle from home page (viewed on Oct. 12, 2011).
=506  \\$aData are free to access.
=516  \\$atext/html; text/plain; text/csv.
=520  \\$aProvides zooplankton survey data for download, this includes abundance, community composition, biomass and associated environmental data. COPEPOD has an on-going programme to digitise paper plankton records, and researchers can send hard-copy data to be entered into the COPEPOD database. Some datasets may have restricted access where quality assurance is on-going.
=538  \\$aMode of access: World Wide Web.
=540  \\$aOwnership and acknowledgement of these data belong to the responsible investigators and institutions.
=584  \\$aData are submitted by researchers.
=584  \\$aAccepting data submissions: Yes.
=650  \0$aPlankton$zUnited States$vDatabases.
=650  \0$aZooplankton$zUnited States$vDatabases.
=650  \0$aPlankton$xClassification$xData processing.
=650  \0$aZooplankton$xClassification$xData processing.
=650  \0$aPlankton$xGeographical distribution$vDatabases.
=650  \0$aZooplankton$xGeographical distribution$vDatabases.
=653  2\$aLiving With Environmental Change
=655  \7$aDataset.$2local
=655  \7$aObservational data.$2local
=655  \7$aMonitoring data.$2local
=655  \7$aReference data.$2local
=690  7\$aResearch Datasets Collection$2blcoll
=710  1\$aUnited States.$bNational Marine Fisheries Service.$bOffice of Science and Technology.
=856  40$uhttp://www.st.nmfs.noaa.gov/plankton/$yResearch Datasets Collection
=859  \\$aXLD$bdatasets
=CAT  \\$aRESDATASET$b00$c20110825$lBLL01$h1145
=CAT  \\$a7332$b40$c20111012$lBLL01$h1126
=CAT  \\$aBATCH-UPD$b40$c20120821$lBLL01$h1643
=CAT  \\$aBATCH-UPD$b40$c20121018$lBLL01$h1009
=CAT  \\$aWR13.117$c20130718$lBLL01$h1857
=CAT  \\$aW1606-1753$c20171028$lBLL01$h1342
=FIN  \\$aY$d20111012
=FMT  \\$a  SE
=LAS  \\$aW1606-1753$b00$c20171028$lBLL01$h1342
=SRC  \\$aBLDatasets$bstm_datasets_20110825_mrc.xml
=TCO  \\$aZZZ$c008

