=LDR  02669 ai a2200625 a 4500
=001  015876614
=003  Uk
=005  20111012105008.0
=006  m\\\\\\\\m\|\\\\\\
=007  cr\|||||||||||
=008  110825c200u9999enkuu\d\o\\\\\0\\\a2eng\\
=024  7\$astm20091218b$2local
=040  \\$aUk$beng$cUk
=042  \\$aukblsr
=082  04$a577.77337$223
=245  00$aDASSH$h[electronic resource] :$bdata archive for seabed species and habitats.
=246  3\$aArchive for marine species and habitats data
=260  \\$aPlymouth :$bMarine Biological Association
=336  \\$atext$2rdacontent
=337  \\$acomputer$2rdamedia
=338  \\$aonline resource$2rdacarrier
=500  \\$aTitle from home page (viewed on Oct. 12, 2011).
=506  \\$aUsers must register.
=516  \\$atext/csv; application/vnd.google-earth.kml+xml.
=518  \\$a1764-2005.
=520  \\$aArchives and enables search of data on seabed species occurrence and habitats. Information is given on the surveys archived and data can be identified across these prior to download. Some metadata relate to non-digitised data within the archive, and charges may be applied to cover costs of accessing this material. Data can be downloaded for CSV or Google Earth and can be visualised online.
=538  \\$aMode of access: World Wide Web.
=540  \\$aCreators/Contributors retain copyright.
=584  \\$aData is submitted by researchers and aggregated by DASSH.
=584  \\$aAccepting data submissions: Yes.
=650  \0$aBenthos$xHabitat$zGreat Britain$vDatabases.
=650  \0$aMarine animals$zGreat Britain$vDatabases.
=650  \0$aMarine plants$zGreat Britain$vDatabases.
=650  \0$aOcean bottom ecology$zGreat Britain$vDatabases.
=653  2\$aLiving With Environmental Change
=655  \7$aDataset.$2local
=655  \7$aMetadata.$2local
=655  \7$aLongitudinal data.$2local
=655  \7$aReference data.$2local
=690  7\$aResearch Datasets Collection$2blcoll
=710  2\$aMarine Biological Association of the United Kingdom.
=856  40$uhttp://www.dassh.ac.uk/$yResearch Datasets Collection
=859  \\$aXLD$bdatasets
=CAT  \\$aRESDATASET$b00$c20110825$lBLL01$h1145
=CAT  \\$a7332$b40$c20111012$lBLL01$h1048
=CAT  \\$a7332$b40$c20111012$lBLL01$h1050
=CAT  \\$aBATCH-UPD$b40$c20120821$lBLL01$h1643
=CAT  \\$aBATCH-UPD$b40$c20121018$lBLL01$h1010
=CAT  \\$aWR13.117$c20130718$lBLL01$h1857
=CAT  \\$aW1606-1753$c20171028$lBLL01$h1342
=FIN  \\$aY$d20111012
=FMT  \\$a  SE
=LAS  \\$aW1606-1753$b00$c20171028$lBLL01$h1342
=SRC  \\$aBLDatasets$bstm_datasets_20110825_mrc.xml
=TCO  \\$aZZZ$c008

