=LDR  02301 ai a2200577 a 4500
=001  015876616
=003  Uk
=005  20120202090728.0
=006  m\\\\\\\\m\|\\\\\\
=007  cr\|||||||||||
=008  110825c200u9999xxuuu\d\o\\\\\0\\\a2eng\\
=024  7\$astm20100128aa$2local
=040  \\$aUk$beng$cUk
=042  \\$aukblsr
=082  04$a363.610973$223
=245  00$aDrinking water treatability database$h[electronic resource].
=246  3\$aTDB
=260  \\$aCincinnati :$bU.S. Environmental Protection Agency
=336  \\$atext$2rdacontent
=337  \\$acomputer$2rdamedia
=338  \\$aonline resource$2rdacarrier
=500  \\$aTitle from home page (viewed on Feb. 2, 2012).
=506  \\$aNone.
=516  \\$atext/html.
=520  \\$aTDB identifies drinking water contaminants, control measures and treatment measures from the literature and presents this data on chemical, microbiological and radiological contaminants. The data will be expanded to cover 200 agents, although this is currently a work in process.
=538  \\$aMode of access: World Wide Web.
=540  \\$aPublic Domain.
=584  \\$aThe EPA extracts data from the literature.
=650  \0$aDrinking water$xAnalysis$zUnited States$vDatabases.
=650  \0$aDrinking water$xContamination$zUnited States$vDatabases.
=650  \0$aDrinking water$xPurification$zUnited States$vDatabases.
=653  2\$aLiving With Environmental Change
=655  \7$aDataset.$2local
=655  \7$aExperimental data.$2local
=655  \7$aReference data.$2local
=690  7\$aResearch Datasets Collection$2blcoll
=710  1\$aUnited States.$bEnvironmental Protection Agency.
=856  40$uhttp://iaspub.epa.gov/tdb/pages/general/home.do$yResearch Datasets Collection
=859  \\$aXLD$bdatasets
=CAT  \\$aRESDATASET$b00$c20110825$lBLL01$h1145
=CAT  \\$a8964$b40$c20111215$lBLL01$h0849
=CAT  \\$a7332$b40$c20120202$lBLL01$h0907
=CAT  \\$aBATCH-UPD$b40$c20120821$lBLL01$h1643
=CAT  \\$aBATCH-UPD$b40$c20121018$lBLL01$h1010
=CAT  \\$aWR13.117$c20130718$lBLL01$h1857
=CAT  \\$aW1606-1753$c20171028$lBLL01$h1342
=FIN  \\$aY$d20120202
=FMT  \\$a  SE
=LAS  \\$aW1606-1753$b00$c20171028$lBLL01$h1342
=SRC  \\$aBLDatasets$bstm_datasets_20110825_mrc.xml
=TCO  \\$aZZZ$c008

