=LDR  02460 ai a2200625 a 4500
=001  015876617
=003  Uk
=005  20110920080410.0
=006  m\\\\\\\\m\|\\\\\\
=007  cr\|||||||||||
=008  110825c200u9999gw\uu\d\o\\\\\0\\\a2eng\\
=024  7\$astm20100128bm$2local
=040  \\$aUk$beng$cUk
=042  \\$aukblsr
=082  04$a551.6$223
=245  00$aWorld Data Center for Climate$h[electronic resource].
=246  3\$aWDCC
=260  \\$aHamburg :$bMax Planck Institute for Meteorology
=336  \\$atext$2rdacontent
=337  \\$acomputer$2rdamedia
=338  \\$aonline resource$2rdacarrier
=500  \\$aTitle from home page (viewed on Sept. 20, 2011).
=506  \\$aUsers must register to access data.
=516  \\$atext/plain.
=520  \\$aWDCC provides data under the framework of ICSU World Data Centres. Climate data of interest can be identified by browsing experiments or searching of parameters. Searches can be accessed freely, but users must register to access and plot data. Data coverage includes atmosphere, oceans, solar, geophysical and human factors.
=538  \\$aMode of access: World Wide Web.
=540  \\$aNot stated.
=584  \\$aResearchers submit data to the WDCC.
=584  \\$aAccepting data submissions: Yes.
=650  \0$aClimatology$vObservations$vDatabases.
=653  2\$aLiving With Environmental Change
=655  \7$aDataset.$2local
=655  \7$aLongitudinal data.$2local
=655  \7$aObservational data.$2local
=655  \7$aReference data.$2local
=690  7\$aResearch Datasets Collection$2blcoll
=710  2\$aModel and Data.
=710  2\$aDeutsches Klimarechenzentrum.
=710  2\$aMax-Planck-Institut für Meteorologie.
=710  2\$aWorld Data Center for Climate, Hamburg.
=856  40$uhttp://cera-www.dkrz.de/WDCC/ui/Index.jsp$yResearch Datasets Collection
=859  \\$aXLD$bdatasets
=985  \\$a710s - new hdgs
=CAT  \\$aRESDATASET$b00$c20110825$lBLL01$h1145
=CAT  \\$a7332$b40$c20110909$lBLL01$h1517
=CAT  \\$a7332$b40$c20110920$lBLL01$h0746
=CAT  \\$a7332$b40$c20110920$lBLL01$h0804
=CAT  \\$aBATCH-UPD$b40$c20120821$lBLL01$h1643
=CAT  \\$aBATCH-UPD$b40$c20121018$lBLL01$h1010
=CAT  \\$aWR13.117$c20130718$lBLL01$h1857
=CAT  \\$aW1606-1753$c20171028$lBLL01$h1342
=FMT  \\$a  SE
=LAS  \\$aW1606-1753$b00$c20171028$lBLL01$h1342
=SRC  \\$aBLDatasets$bstm_datasets_20110825_mrc.xml
=TCO  \\$aZZZ$c008

