=LDR  01923 ai a2200553 a 4500
=001  015876618
=003  Uk
=005  20120726085933.0
=006  m\\\\\\\\m\|\\\\\\
=007  cr\|||||||||||
=008  110825c200u9999stkuu\d\o\\\\\0\\\a2eng\\
=024  7\$astm20110809m$2local
=040  \\$aUk$beng$cUk
=042  \\$aukblsr
=082  04$a538.7$223
=245  00$aWorld Data Centre for Geomagnetism (Edinburgh)$h[electronic resource].
=246  3\$aWDC for Geomagnetism (Edinburgh)
=260  \\$aEdinburgh :$bWorld Data Centre for Geomagnetism
=336  \\$atext$2rdacontent
=337  \\$acomputer$2rdamedia
=338  \\$aonline resource$2rdacarrier
=500  \\$aTitle from home page (viewed on Mar. 15, 2012).
=506  \\$aData are free to access.
=516  \\$atext/plain.
=538  \\$aMode of access: World Wide Web.
=540  \\$aNot stated.
=584  \\$aData are submitted by researchers.
=584  \\$aAccepting data submissions: Yes.
=650  \0$aGeomagnetism$vObservations$vDatabases.
=655  \7$aDataset.$2local
=655  \7$aLongitudinal data.$2local
=655  \7$aMonitoring data.$2local
=655  \7$aReference data.$2local
=690  7\$aResearch Datasets Collection$2blcoll
=710  2\$aWorld Data Centre for Geomagnetism (Edinburgh)
=856  40$uhttp://www.wdc.bgs.ac.uk/$yResearch Datasets Collection
=859  \\$aXLD$bdatasets
=CAT  \\$aRESDATASET$b00$c20110825$lBLL01$h1145
=CAT  \\$a7332$b40$c20120316$lBLL01$h1117
=CAT  \\$a7332$b40$c20120402$lBLL01$h1358
=CAT  \\$a7332$b40$c20120726$lBLL01$h0859
=CAT  \\$aBATCH-UPD$b40$c20120821$lBLL01$h1643
=CAT  \\$aBATCH-UPD$b40$c20121018$lBLL01$h1010
=CAT  \\$aWR13.117$c20130718$lBLL01$h1857
=CAT  \\$aW1606-1753$c20171028$lBLL01$h1342
=FMT  \\$a  SE
=LAS  \\$aW1606-1753$b00$c20171028$lBLL01$h1342
=SRC  \\$aBLDatasets$bstm_datasets_20110825_mrc.xml
=TCO  \\$aZZZ$c008

