=LDR  02109 ai a2200565 a 4500
=001  015876619
=003  Uk
=005  20120726085850.0
=006  m\\\\\\\\m\|\\\\\\
=007  cr\|||||||||||
=008  110825c200u9999xxuuu\d\o\\\\\0\\\a2eng\\
=024  7\$astm20110810a$2local
=040  \\$aUk$beng$cUk
=042  \\$aukblsr
=082  04$a363.7063$223
=245  00$aWorld Data Center for Human Interactions in the Environment$h[electronic resource].
=260  \\$aPalisades :$bSocioeconomic Data and Applications Center
=336  \\$atext$2rdacontent
=337  \\$acomputer$2rdamedia
=338  \\$aonline resource$2rdacarrier
=500  \\$aTitle from home page (viewed on Mar. 29, 2012).
=506  \\$aData are free to access.
=516  \\$aapplication/msexcel; shapefile; text/html; text/csv.
=538  \\$aMode of access: World Wide Web.
=540  \\$aNot stated.
=584  \\$aData are submitted to the WDCHIE by researchers.
=584  \\$aAccepting data submissions: Yes.
=650  \0$aGlobal environmental change$vObservations$vDatabases.
=650  \0$aEnvironmental monitoring$vDatabases.
=650  \0$aNature$xEffect of human beings on.
=655  \7$aDataset.$2local
=655  \7$aLongitudinal data.$2local
=655  \7$aMonitoring data.$2local
=655  \7$aReference data.$2local
=690  7\$aResearch Datasets Collection$2blcoll
=710  2\$aSocioeconomic Data and Applications Center.
=710  2\$aCenter for International Earth Science Information Network.
=856  40$uhttp://sedac.ciesin.columbia.edu/wdc/$yResearch Datasets Collection
=859  \\$aXLD$bdatasets
=CAT  \\$aRESDATASET$b00$c20110825$lBLL01$h1145
=CAT  \\$a7332$b40$c20120329$lBLL01$h1323
=CAT  \\$a7332$b40$c20120726$lBLL01$h0858
=CAT  \\$aBATCH-UPD$b40$c20120821$lBLL01$h1643
=CAT  \\$aBATCH-UPD$b40$c20121018$lBLL01$h1010
=CAT  \\$aWR13.117$c20130718$lBLL01$h1857
=CAT  \\$aW1606-1753$c20171028$lBLL01$h1342
=FMT  \\$a  SE
=LAS  \\$aW1606-1753$b00$c20171028$lBLL01$h1342
=SRC  \\$aBLDatasets$bstm_datasets_20110825_mrc.xml
=TCO  \\$aZZZ$c008

