=LDR  02435 ai a2200613 a 4500
=001  015876620
=003  Uk
=005  20110907132730.0
=006  m\\\\\\\\m\|\\\\\\
=007  cr\|||||||||||
=008  110825c20019999gw\uu\d\o\\\\\0\\\a2eng\\
=024  7\$astm20100128bo$2local
=040  \\$aUk$beng$cUk
=042  \\$aukblsr
=082  04$a551.46$223
=245  00$aWorld Data Center for Marine Environmental Sciences$h[electronic resource].
=246  3\$aWDC-MARE
=260  \\$aBremerhaven, Germany :$bAlfred Wegener Institute for Polar and Marine Research ;$aBremen, Germany :$bCenter for Marine Environmental Sciences,$c2001-
=336  \\$atext$2rdacontent
=337  \\$acomputer$2rdamedia
=338  \\$aonline resource$2rdacarrier
=500  \\$aTitle from home page (viewed on Sept. 7, 2011).
=506  \\$aData are free to access.
=516  \\$atext/plain.
=520  \\$aWDC-MARE holds and provides access to marine geophysics and biology and ocean environment data useful for global change research. Data is searched with free text queries or by geographical area of interest.
=538  \\$aMode of access: World Wide Web.
=540  \\$aNot stated.
=584  \\$aResearchers submit data to the WDC-MARE.
=584  \\$aAccepting data submissions: Yes.
=650  \0$aChemical oceanography$vDatabases.
=650  \0$aOcean circulation$vDatabases.
=650  \0$aMarine ecology$vDatabases.
=650  \0$aMarine sciences$vDatabases.
=653  2\$aLiving With Environmental Change
=655  \7$aDataset.$2local
=655  \7$aLongitudinal data.$2local
=655  \7$aMonitoring data.$2local
=655  \7$aReference data.$2local
=690  7\$aResearch Datasets Collection$2blcoll
=710  2\$aAlfred-Wegener-Institut für Polarforschung (Bremerhaven, Germany)
=710  2\$aMARUM Center for Marine Environmental Sciences.
=856  40$uhttp://www.wdc-mare.org/data/$yResearch Datasets Collection
=859  \\$aXLD$bdatasets
=CAT  \\$aRESDATASET$b00$c20110825$lBLL01$h1145
=CAT  \\$a7332$b40$c20110907$lBLL01$h1327
=CAT  \\$aBATCH-UPD$b40$c20120821$lBLL01$h1643
=CAT  \\$aBATCH-UPD$b40$c20121018$lBLL01$h1009
=CAT  \\$aWR13.117$c20130718$lBLL01$h1857
=CAT  \\$aW1606-1753$c20171028$lBLL01$h1342
=FIN  \\$aY$d20110907
=FMT  \\$a  SE
=LAS  \\$aW1606-1753$b00$c20171028$lBLL01$h1342
=SRC  \\$aBLDatasets$bstm_datasets_20110825_mrc.xml
=TCO  \\$aZZZ$c008

