=LDR  01459 ai a22004095a 4500
=001  015876621
=003  Uk
=005  20110825114530.0
=007  cr\|||||||||||
=008  \\\\\\c\\\\9999\\\\\\\\o\\\\\0\\\a2eng\\
=024  7\$astm20110810b$2local
=245  00$aWDC for Marine Geology & Geophysics$h[electronic resource].
=246  0\$aWDC-GMG
=260  \\$bWorld Data Center for Geophysics & Marine Geology (WDC-GMG)
=336  \\$atext$2rdacontent
=337  \\$acomputer$2rdamedia
=338  \\$aonline resource$2rdacarrier
=506  \\$aData are free to access.
=516  \\$atext/plain; text/html.
=540  \\$aNot stated.
=584  \\$aData are submitted to the WDC-GMG by researchers.
=584  \\$aAccepting data submissions: Yes.
=655  \7$aDataset.$2local
=655  \7$aLongitudinal data.$2local
=690  7\$aResearch Datasets Collection$2blcoll
=710  2\$aWorld Data Center for Geophysics & Marine Geology (WDC-GMG)
=856  40$uhttp://www.ngdc.noaa.gov/mgg/wdc/wdcgmg.html$yResearch Datasets Collection
=859  \\$aXLD$bdatasets
=CAT  \\$aRESDATASET$b00$c20110825$lBLL01$h1145
=CAT  \\$aBATCH-UPD$b00$c20120821$lBLL01$h1643
=CAT  \\$aBATCH-UPD$b00$c20121018$lBLL01$h1010
=CAT  \\$aWR13.117$c20130718$lBLL01$h1857
=CAT  \\$aW1606-1753$c20171028$lBLL01$h1342
=FMT  \\$a  SE
=LAS  \\$aW1606-1753$b00$c20171028$lBLL01$h1342
=SRC  \\$aBLDatasets$bstm_datasets_20110825_mrc.xml
=TCO  \\$aZZZ$c008

