=LDR  02548 ai a2200613 a 4500
=001  015876622
=003  Uk
=005  20111206105029.0
=006  m\\\\\\\\m\|\\\\\\
=007  cr\|||||||||||
=008  110825c200u9999xxuuu\d\o\\\\\0\\\a2eng\\
=024  7\$astm20100128bw$2local
=040  \\$aUk$beng$cUk
=042  \\$aukblsr
=082  04$a551.60901$223
=245  00$aWorld Data Center for Paleoclimatology - data sets listing$h[electronic resource].
=246  3\$aWDCP
=260  \\$aBoulder :$bNational Oceanic and Atmospheric Administration
=336  \\$atext$2rdacontent
=337  \\$acomputer$2rdamedia
=338  \\$aonline resource$2rdacarrier
=500  \\$aTitle from datalist page (viewed on Sept. 9, 2011).
=506  \\$aData are free to access.
=516  \\$atext/plain.
=520  \\$aWDCP provides data used to infer past climates. This includes borehole, coral, tree ring, ice core, pollen and various fossil animal and sediment data. Data outputs from modelling and radiocarbon dating are also available. WDCP is a subset of the National Climactic Data Center of NOAA. Data can be identified by browsing data types and projects.
=538  \\$aMode of access: World Wide Web.
=540  \\$aCreators/Contributors retain copyright.
=584  \\$aResearchers submit data to the WDCP.
=584  \\$aAccepting data submissions: Yes.
=650  \0$aPaleoclimatology$vDatabases.
=653  2\$aLiving With Environmental Change
=655  \7$aDataset.$2local
=655  \7$aLongitudinal data.$2local
=655  \7$aMonitoring data.$2local
=655  \7$aReference data.$2local
=690  7\$aResearch Datasets Collection$2blcoll
=710  1\$aUnited States.$bNational Environmental Satellite, Data, and Information Service.
=710  2\$aWorld Data Center for Paleoclimatology.
=710  2\$aNational Climate Data Center (U.S.)
=856  40$uhttp://www.ncdc.noaa.gov/paleo/datalist.html$yResearch Datasets Collection
=859  \\$aXLD$bdatasets
=CAT  \\$aRESDATASET$b00$c20110825$lBLL01$h1145
=CAT  \\$a7332$b40$c20110909$lBLL01$h1358
=CAT  \\$a7332$b40$c20110920$lBLL01$h0804
=CAT  \\$a7332$b40$c20111206$lBLL01$h1050
=CAT  \\$aBATCH-UPD$b40$c20120821$lBLL01$h1643
=CAT  \\$aBATCH-UPD$b40$c20121018$lBLL01$h1010
=CAT  \\$aWR13.117$c20130718$lBLL01$h1857
=CAT  \\$aW1606-1753$c20171028$lBLL01$h1342
=FIN  \\$aY$d20111206
=FMT  \\$a  SE
=LAS  \\$aW1606-1753$b00$c20171028$lBLL01$h1342
=SRC  \\$aBLDatasets$bstm_datasets_20110825_mrc.xml
=TCO  \\$aZZZ$c008

