=LDR  02422 ai a2200613 a 4500
=001  015876623
=003  Uk
=005  20111206103129.0
=006  m\\\\\\\\m\|\\\\\\
=007  cr\|||||||||||
=008  110825c200u9999gw\uu\d\o\\\\\0\\\a2eng\\
=024  7\$astm20100128by$2local
=040  \\$aUk$beng$cUk
=042  \\$aukblsr
=082  04$a551.5$223
=245  04$aData & products$h[electronic resource] /$cWorld Data Center for Remote Sensing of the Atmosphere
=246  3\$aWDC-RSAT
=260  \\$aWessling :$bWDC-RSAT
=336  \\$atext$2rdacontent
=337  \\$acomputer$2rdamedia
=338  \\$aonline resource$2rdacarrier
=500  \\$aTitle from home page (viewed on Sept. 9, 2011).
=506  \\$aData are free to access.
=516  \\$atext/plain; image/gif.
=520  \\$aWDC-RSAT provides atmospheric data derived from remote sensing. Data covered includes: land and sea surface temperatures; trace gases and aerosols; clouds; solar radiation; primary productivity and land cover. Data can be identified by parameter or mission, and downloaded from FTP or rendered as maps.
=538  \\$aMode of access: World Wide Web.
=540  \\$aNot stated.
=584  \\$aData are submitted by researchers.
=584  \\$aAccepting data submissions: Yes.
=650  \0$aAtmosphere$vObservations$vDatabases.
=653  2\$aLiving With Environmental Change
=655  \7$aDataset.$2local
=655  \7$aObservational data.$2local
=655  \7$aMonitoring data.$2local
=655  \7$aReference data.$2local
=690  7\$aResearch Datasets Collection$2blcoll
=710  2\$aWorld Data Center for Remote Sensing of the Atmosphere.
=856  40$uhttp://wdc.dlr.de/data_products/$yResearch Datasets Collection
=859  \\$aXLD$bdatasets
=CAT  \\$aRESDATASET$b00$c20110825$lBLL01$h1145
=CAT  \\$a7332$b40$c20110909$lBLL01$h1324
=CAT  \\$a7332$b40$c20110920$lBLL01$h0741
=CAT  \\$a7332$b40$c20110920$lBLL01$h0804
=CAT  \\$a7332$b40$c20111206$lBLL01$h1031
=CAT  \\$aBATCH-UPD$b40$c20120821$lBLL01$h1643
=CAT  \\$aBATCH-UPD$b40$c20121018$lBLL01$h1010
=CAT  \\$aWR13.117$c20130718$lBLL01$h1857
=CAT  \\$aBATCH-UPD$b00$c20160924$lBLL01$h0302
=CAT  \\$aW1606-1753$c20171028$lBLL01$h1342
=FIN  \\$aY$d20111206
=FMT  \\$a  SE
=LAS  \\$aW1606-1753$b00$c20171028$lBLL01$h1342
=SRC  \\$aBLDatasets$bstm_datasets_20110825_mrc.xml
=TCO  \\$aZZZ$c008

