=LDR  02319 ai a2200565 a 4500
=001  015876624
=003  Uk
=005  20111012075106.0
=006  m\\\\\\\\m\|\\\\\\
=007  cr\|||||||||||
=008  110825c200u9999ja\uu\d\o\\\\\0\\\a2eng\\
=024  7\$astm20100128ar$2local
=040  \\$aUk$beng$cUk
=042  \\$aukblsr
=082  04$a551.46$223
=245  00$aJ-DOSS$h[electronic resource] :$bJODC data on-line service system.
=260  \\$aTokyo :$bJapanese Oceanographic Data Centre
=336  \\$atext$2rdacontent
=337  \\$acomputer$2rdamedia
=338  \\$aonline resource$2rdacarrier
=500  \\$aTitle from home page (viewed on Oct. 12, 2011).
=506  \\$aData are free to access.
=516  \\$atext/plain.
=520  \\$aProvides online access to datasets from the JODC. Datasets on can be queried for data individually and results downloaded. Includes serial station data (water samples, STD, CTD and BT); ocean current data (ship drift, GEK and shipboard ADCP); biological observation data; 500m mesh depth-sounding data; mooring observation data; bathymetry; geomagnetism and gravity; gridded data of water temperature and salinity.
=538  \\$aMode of access: World Wide Web.
=540  \\$aNot stated.
=584  \\$aData are collected by the JODC.
=584  \\$aAccepting data submissions: No.
=650  \0$aOceanography$vObservations$vDatabases.
=653  2\$aLiving With Environmental Change
=655  \7$aDataset.$2local
=655  \7$aObservational data.$2local
=655  \7$aLongitudinal data.$2local
=655  \7$aReference data.$2local
=690  7\$aResearch Datasets Collection$2blcoll
=710  2\$aKaiyō Shiryō Sentā.
=856  40$uhttp://www.jodc.go.jp/service.htm$yResearch Datasets Collection
=859  \\$aXLD$bdatasets
=CAT  \\$aRESDATASET$b00$c20110825$lBLL01$h1145
=CAT  \\$a7332$b40$c20111012$lBLL01$h0751
=CAT  \\$aBATCH-UPD$b40$c20120821$lBLL01$h1643
=CAT  \\$aBATCH-UPD$b40$c20121018$lBLL01$h1010
=CAT  \\$aWR13.117$c20130718$lBLL01$h1857
=CAT  \\$aBATCH-UPD$b00$c20141213$lBLL01$h2154
=CAT  \\$aW1606-1753$c20171028$lBLL01$h1342
=FIN  \\$aY$d20111012
=FMT  \\$a  SE
=LAS  \\$aW1606-1753$b00$c20171028$lBLL01$h1342
=SRC  \\$aBLDatasets$bstm_datasets_20110825_mrc.xml
=TCO  \\$aZZZ$c008

