=LDR  02479 ai a2200613 a 4500
=001  015876625
=003  Uk
=005  20111109084830.0
=006  m\\\\\\\\m\|\\\\\\
=007  cr\|||||||||||
=008  110825c200u9999xxuuu\d\o\\\\\0\\\a2eng\\
=024  7\$astm20100128at$2local
=040  \\$aUk$beng$cUk
=042  \\$aukblsr
=082  04$a577$223
=245  04$aThe knowledge network for biocomplexity$h[electronic resource].
=246  3\$aKNB
=260  \\$a[United States] :$bKnowledge Network for Biocomplexity
=336  \\$atext$2rdacontent
=337  \\$acomputer$2rdamedia
=338  \\$aonline resource$2rdacarrier
=500  \\$aTitle from home page (viewed on Nov. 8, 2011).
=506  \\$aSome data require permission to access.
=516  \\$atext/html; text/csv.
=520  \\$aThe KNB interface allows you to search for datasets on a keyword basis. Detailed information on the content of each dataset is given, along with information on how to access the data files. Only a small number of data files are available directly from the KNB site. Data from KNB can also be searched and accessed using the Morpho data management software.
=538  \\$aMode of access: World Wide Web.
=540  \\$aNot stated.
=584  \\$aData are collated by the KNB or submitted from researchers.
=584  \\$aAccepting data submissions: Yes.
=650  \0$aBiocomplexity$vDatabases.
=650  \0$aEcology$vDatabases.
=653  2\$aLiving With Environmental Change
=655  \7$aDataset.$2local
=655  \7$aLongitudinal data.$2local
=655  \7$aObservational data.$2local
=655  \7$aMetadata.$2local
=690  7\$aResearch Datasets Collection$2blcoll
=710  2\$aNational Center for Ecological Analysis and Synthesis.
=710  2\$aTexas Tech University.
=710  2\$aLong-Term Ecological Research Program.
=710  2\$aSan Diego Supercomputer Center.
=856  40$uhttp://knb.ecoinformatics.org/index.jsp$yResearch Datasets Collection
=859  \\$aXLD$bdatasets
=CAT  \\$aRESDATASET$b00$c20110825$lBLL01$h1145
=CAT  \\$a7332$b40$c20111109$lBLL01$h0848
=CAT  \\$aBATCH-UPD$b40$c20120821$lBLL01$h1643
=CAT  \\$aBATCH-UPD$b40$c20121018$lBLL01$h1010
=CAT  \\$aWR13.117$c20130718$lBLL01$h1857
=CAT  \\$aW1606-1753$c20171028$lBLL01$h1342
=FIN  \\$aY$d20111109
=FMT  \\$a  SE
=LAS  \\$aW1606-1753$b00$c20171028$lBLL01$h1342
=SRC  \\$aBLDatasets$bstm_datasets_20110825_mrc.xml
=TCO  \\$aZZZ$c008

