=LDR  02680 ai a2200613 a 4500
=001  015876626
=003  Uk
=005  20111006083929.0
=006  m\\\\\\\\m\|\\\\\\
=007  cr\|||||||||||
=008  110825c200u9999enkuu\d\o\\\\\0\\\a2eng\\
=024  7\$astm20100128az$2local
=040  \\$aUk$beng$cUk
=042  \\$aukblsr
=082  04$a551.4640941$223
=245  00$aUK tide gauge network$h[electronic resource].
=246  3\$aUK national tide gauge network
=260  \\$aLiverpool :$bBritish Oceanographic Data Centre
=336  \\$atext$2rdacontent
=337  \\$acomputer$2rdamedia
=338  \\$aonline resource$2rdacarrier
=500  \\$aTitle from home page (viewed on Oct. 6, 2011).
=506  \\$aUsers must register to access data.
=516  \\$atext/plain; application/pdf; text/html; application/zip.
=520  \\$aQuality-checked, annual tide gauge data from UK stations can be selected and downloaded. 3-month data files are also available for the current year. Data are not available for the previous 3 months to allow for quality checks. Data from this period can be obtained at a cost. On selecting a station, information on gauges used and quality checks is also given and are also provided with downloaded, zipped data files.
=522  \\$aUnited Kingdom.
=538  \\$aMode of access: World Wide Web.
=540  \\$aData are made available, in line with the Natural Environment Research Council (NERC) Data Policy, under a licence agreement.
=584  \\$aData are collected from NOC and EA tide gauges.
=584  \\$aAccepting data submissions: No.
=650  \0$aTides$zGreat Britain$vDatabases.
=650  \0$aTide-gages$zGreat Britain.
=653  2\$aFlooding
=655  \7$aDataset.$2local
=655  \7$aLongitudinal data.$2local
=655  \7$aObservational data.$2local
=655  \7$aMonitoring data.$2local
=690  7\$aResearch Datasets Collection$2blcoll
=710  1\$aGreat Britain.$bEnvironment Agency.
=710  2\$aBritish Oceanographic Data Centre.
=710  2\$aNational Oceanography Centre, Southampton.
=856  40$uhttp://www.bodc.ac.uk/data/online_delivery/ntslf/processed/$yResearch Datasets Collection
=859  \\$aXLD$bdatasets
=CAT  \\$aRESDATASET$b00$c20110825$lBLL01$h1145
=CAT  \\$a7332$b40$c20111006$lBLL01$h0839
=CAT  \\$aBATCH-UPD$b40$c20120821$lBLL01$h1643
=CAT  \\$aBATCH-UPD$b40$c20121018$lBLL01$h1009
=CAT  \\$aWR13.117$c20130718$lBLL01$h1857
=CAT  \\$aW1606-1753$c20171028$lBLL01$h1342
=FIN  \\$aY$d20111006
=FMT  \\$a  SE
=LAS  \\$aW1606-1753$b00$c20171028$lBLL01$h1342
=SRC  \\$aBLDatasets$bstm_datasets_20110825_mrc.xml
=TCO  \\$aZZZ$c008

