=LDR  02612 ai a2200649 a 4500
=001  015876627
=003  Uk
=005  20130228074921.0
=006  m\\\\\\\\m\|\\\\\\
=007  cr\|||||||||||
=008  110825c200u9999enkuu\d\o\\\\\0\\\a2eng\\
=024  7\$astm20100128ax$2local
=040  \\$aUk$beng$cUk$dUk
=042  \\$aukblsr
=082  04$a363.73920941$223
=245  00$aNational atmospheric emissions inventory$h[electronic resource].
=246  3\$aNAEI
=260  \\$a[Great Britain] :$bAEA
=336  \\$atext$2rdacontent
=337  \\$acomputer$2rdamedia
=338  \\$aonline resource$2rdacarrier
=500  \\$aTitle from home page (viewed on Oct. 11, 2011).
=506  \\$aData are free to access.
=516  \\$aapplication/msexcel.
=520  \\$aNAEI holds emission related datasets, used by the UK Air Quality Archive. Includes emission statistics, activity data (fuel and transport use) and emission factors. Data can be browsed through a hierarchy or uncovered using a basic keyword search. Data can be directly downloaded from the site or emailed to users.
=538  \\$aMode of access: World Wide Web.
=540  \\$aCrown Copyright.
=584  \\$aData is collected by the NAEI.
=584  \\$aAccepting data submissions: No.
=650  \0$aAir$xPollution$zGreat Britain$vDatabases.
=650  \0$aAir$xPollution$zGreat Britain$vStatistics$vDatabases.
=650  \0$aAir$xPollution$zGreat Britain$vObservations$vDatabases.
=653  2\$aLiving With Environmental Change
=655  \7$aDataset.$2local
=655  \7$aMonitoring data.$2local
=655  \7$aLongitudinal data.$2local
=655  \7$aReference data.$2local
=690  7\$aResearch Datasets Collection$2blcoll
=710  2\$aNational Atmospheric Emissions Inventory (Great Britain)
=710  2\$aAEA Technology Consulting.
=856  40$uhttp://naei.defra.gov.uk/data/$yResearch Datasets Collection
=859  \\$aXLD$bdatasets
=985  \\$a856 was http://naei.defra.gov.uk/data_warehouse.php
=CAT  \\$aRESDATASET$b00$c20110825$lBLL01$h1145
=CAT  \\$a7332$b40$c20111011$lBLL01$h1342
=CAT  \\$a7332$b40$c20111011$lBLL01$h1343
=CAT  \\$a7332$b40$c20111110$lBLL01$h1149
=CAT  \\$aBATCH-UPD$b40$c20120821$lBLL01$h1643
=CAT  \\$aBATCH-UPD$b40$c20121018$lBLL01$h1010
=CAT  \\$a7332$b40$c20130228$lBLL01$h0749
=CAT  \\$aWR13.117$c20130718$lBLL01$h1857
=CAT  \\$aW1606-1753$c20171028$lBLL01$h1342
=FIN  \\$aY$d20111011
=FMT  \\$a  SE
=LAS  \\$aW1606-1753$b00$c20171028$lBLL01$h1342
=SRC  \\$aBLDatasets$bstm_datasets_20110825_mrc.xml
=TCO  \\$aZZZ$c008

