=LDR  02721 ai a2200649 a 4500
=001  015876628
=003  Uk
=005  20140212083958.0
=006  m\\\\\\\\m\|\\\\\\
=007  cr\|||||||||||
=008  110825c200u9999enkuu\d\o\\\\\0\\\a2eng\\
=024  7\$astm20091117e$2local
=040  \\$aUk$beng$cUk$dUk
=042  \\$aukblsr
=082  04$a333.95160941$223
=245  00$aNBN Gateway$h[electronic resource].
=246  3\$aNational biodiversity network gateway
=260  \\$aNottingham :$bNational Biodiversity Network Trust
=310  \\$aMonthly
=336  \\$atext$2rdacontent
=337  \\$acomputer$2rdamedia
=338  \\$aonline resource$2rdacarrier
=500  \\$aTitle from home page (viewed on Oct. 11, 2011).
=506  \\$aSome data are restricted/sensitive.
=516  \\$atext/javascript; image/gif; text/csv.
=520  \\$aNBN Gateway collects UK species abundance data from researchers, societies and expert special interest groups. Data can be searched or browsed by species and location. Low-resolution spatial visualisation of species is available on site, some data may require permission to be sought via the Gateway, each dataset gives information on access restrictions.
=538  \\$aMode of access: World Wide Web.
=540  \\$aCreators/Contributors retain copyright.
=584  \\$aData is supplied by specialist interest groups and societies who have been approved as data collectors.
=584  \\$aAccepting data submissions: No.
=650  \0$aBiodiversity$zGreat Britain$vDatabases.
=650  \0$aBiogeography$zGreat Britain$vDatabases.
=650  \0$aProtected areas$zGreat Britain$vDatabases.
=653  2\$aLiving With Environmental Change
=655  \7$aDataset.$2local
=655  \7$aObservational data.$2local
=655  \7$aLongitudinal data.$2local
=655  \7$aReference data.$2local
=690  7\$aResearch Datasets Collection$2blcoll
=710  2\$aNational Biodiversity Network Trust.
=856  40$uhttps://data.nbn.org.uk/$yResearch Datasets Collection
=859  \\$aXLD$bdatasets
=CAT  \\$aRESDATASET$b00$c20110825$lBLL01$h1145
=CAT  \\$a7332$b40$c20111011$lBLL01$h1505
=CAT  \\$a7332$b40$c20111110$lBLL01$h1150
=CAT  \\$a7332$b40$c20111122$lBLL01$h1054
=CAT  \\$aBATCH-UPD$b40$c20120821$lBLL01$h1643
=CAT  \\$aBATCH-UPD$b40$c20121018$lBLL01$h1010
=CAT  \\$aWR13.117$c20130718$lBLL01$h1857
=CAT  \\$a7332$b40$c20140212$lBLL01$h0839
=CAT  \\$aBATCH-UPD$b40$c20160924$lBLL01$h0302
=CAT  \\$aW1606-1753$c20171028$lBLL01$h1342
=FIN  \\$aY$d20111011
=FMT  \\$a  SE
=LAS  \\$aW1606-1753$b00$c20171028$lBLL01$h1342
=SRC  \\$aBLDatasets$bstm_datasets_20110825_mrc.xml
=TCO  \\$aZZZ$c008

