=LDR  02635 ai a2200601 a 4500
=001  015876629
=003  Uk
=005  20121023151632.0
=006  m\\\\\\\\m\|\\\\\\
=007  cr\|||||||||||
=008  110825c200u9999xxuuu\d\o\s\\\0\\\a2eng\\
=024  7\$astm20100128am$2local
=040  \\$aUk$beng$cUk$dUk
=042  \\$aukblsr
=082  04$a551.6072$223
=245  00$aNational Climatic Data Center$h[electronic resource].
=246  3\$aNCDC
=260  \\$a[United States] :$bNational Oceanic and Atmospheric Administration
=336  \\$atext$2rdacontent
=337  \\$acomputer$2rdamedia
=338  \\$aonline resource$2rdacarrier
=500  \\$aTitle from home page (viewed on Dec. 14, 2011).
=506  \\$aMostly free to access, some data incur handling fees.
=516  \\$atext/plain.
=520  \\$aNCDC provides archiving, quality control, discovery of and access to national and global meteorological datasets. This includes climate, modelled and Earth observation data. Data of interest can be identified with a station search, map search or searches of dataset metadata. Some products are subject to restrictions and/or handling fees. Also provides data as the World Data Center for Meteorology and the World Data Center for Paleoclimatology.
=538  \\$aMode of access: World Wide Web.
=540  \\$aNot stated.
=584  \\$aData is collected by the NCDC from many international and national meteorological services.
=584  \\$aAccepting data submissions: No.
=650  \0$aMeteorology$vObservations$vStatistics$vDatabases.
=650  \0$aClimatology$vStatistics$vDatabases.
=653  2\$aLiving With Environmental Change
=655  \7$aDataset.$2local
=655  \7$aLongitudinal data.$2local
=655  \7$aObservational data.$2local
=655  \7$aModelled data.$2local
=690  7\$aResearch Datasets Collection$2blcoll
=710  1\$aUnited States.$bNational Environmental Satellite, Data, and Information Service.
=710  2\$aNational Climatic Data Center (U.S.)
=856  40$uhttp://www.ncdc.noaa.gov/$yResearch Datasets Collection
=859  \\$aXLD$bdatasets
=CAT  \\$aRESDATASET$b00$c20110825$lBLL01$h1145
=CAT  \\$a7332$b40$c20111214$lBLL01$h1327
=CAT  \\$aBATCH-UPD$b40$c20120821$lBLL01$h1643
=CAT  \\$aBATCH-UPD$b40$c20121018$lBLL01$h1010
=CAT  \\$a7332$b40$c20121023$lBLL01$h1516
=CAT  \\$aWR13.117$c20130718$lBLL01$h1857
=CAT  \\$aW1606-1753$c20171028$lBLL01$h1342
=FIN  \\$aY$d20111214
=FMT  \\$a  SE
=LAS  \\$aW1606-1753$b00$c20171028$lBLL01$h1342
=SRC  \\$aBLDatasets$bstm_datasets_20110825_mrc.xml
=TCO  \\$aZZZ$c008

