=LDR  02095 ai a2200553 a 4500
=001  015876631
=003  Uk
=005  20111214165407.0
=006  m\\\\\\\\m\|\\\\\\
=007  cr\|||||||||||
=008  110825c200u9999xxuuu\w\o\\\\\0\\\a2eng\\
=024  7\$astm20100128ap$2local
=040  \\$aUk$beng$cUk
=042  \\$aukblsr
=082  04$a550$223
=245  00$aNational Geophysical Data Center$h[electronic resource].
=246  3\$aNGDC
=260  \\$aBoulder :$bNational Geophysical Data Center
=336  \\$atext$2rdacontent
=337  \\$acomputer$2rdamedia
=338  \\$aonline resource$2rdacarrier
=500  \\$aTitle from home page (viewed on Dec. 14, 2011).
=506  \\$aMostly free to access, some data incur handling fees.
=516  \\$atext/plain.
=520  \\$aNGDC provides geophysical data including geomagnetic, space and solar weather, bathymetry and oceanic geophysics and Earth observation data. Datasets of interest can be located by browsing data type, domain or project, or by free text searching.
=538  \\$aMode of access: World Wide Web.
=540  \\$aNot stated.
=584  \\$aData are submitted by researchers, industry and government.
=650  \0$aGeophysics$vDatabases.
=653  2\$aLiving With Environmental Change
=655  \7$aDataset.$2local
=655  \7$aLongitudinal data.$2local
=655  \7$aMonitoring data.$2local
=655  \7$aReference data.$2local
=690  7\$aResearch Datasets Collection$2blcoll
=710  2\$aNational Geophysical Data Center.
=856  40$uhttp://www.ngdc.noaa.gov/$yResearch Datasets Collection
=859  \\$aXLD$bdatasets
=CAT  \\$aRESDATASET$b00$c20110825$lBLL01$h1145
=CAT  \\$a7332$b40$c20111214$lBLL01$h1654
=CAT  \\$aBATCH-UPD$b40$c20120821$lBLL01$h1643
=CAT  \\$aBATCH-UPD$b40$c20121018$lBLL01$h1010
=CAT  \\$aWR13.117$c20130718$lBLL01$h1857
=CAT  \\$aW1606-1753$c20171028$lBLL01$h1342
=FIN  \\$aY$d20111214
=FMT  \\$a  SE
=LAS  \\$aW1606-1753$b00$c20171028$lBLL01$h1342
=SRC  \\$aBLDatasets$bstm_datasets_20110825_mrc.xml
=TCO  \\$aZZZ$c008

