=LDR  02444 ai a2200565 a 4500
=001  015876632
=003  Uk
=005  20120202105419.0
=006  m\\\\\\\\m\|\\\\\\
=007  cr\|||||||||||
=008  110825c200u9999enkuu\d\o\\\\\0\\\a2eng\\
=024  7\$astm20100128aq$2local
=040  \\$aUk$beng$cUk
=042  \\$aukblsr
=082  04$a550$223
=245  00$aNational geoscience data centre$h[electronic resource].
=246  3\$aNGDC
=260  \\$a[Great Britain] :$bBritish Geological Survey
=336  \\$atext$2rdacontent
=337  \\$acomputer$2rdamedia
=338  \\$aonline resource$2rdacarrier
=500  \\$aTitle from home page (viewed on Feb. 2, 2012).
=506  \\$aMostly free to access, some data incur handling fees.
=516  \\$atext/plain.
=520  \\$aProvides data on the geology of the UK and offshore, including data created under acts of parliament and by NERC funded research. Includes groundwater chemistry and river flow data, geological information including rock classifications and details of physical collections such as the borehole archive and palaeontological collections. Datasets of interest can be identified using metadata discovery, but access to some data are restricted or require payment of processing fees.
=522  \\$aUnited Kingdom.
=538  \\$aMode of access: World Wide Web.
=540  \\$aNot stated.
=584  \\$aData are submitted to the NGDC by researchers and industry.
=650  \0$aGeology$zGreat Britain$xInformation services$vDatabases.
=650  \0$aEarth sciences$zGreat Britain$xInformation services$vDatabases.
=653  2\$aLiving With Environmental Change
=655  \7$aDataset.$2local
=655  \7$aLongitudinal data.$2local
=655  \7$aReference data.$2local
=690  7\$aResearch Datasets Collection$2blcoll
=710  2\$aBritish Geological Survey.
=856  40$uhttp://www.bgs.ac.uk/services/ngdc/home.html$yResearch Datasets Collection
=859  \\$aXLD$bdatasets
=CAT  \\$aRESDATASET$b00$c20110825$lBLL01$h1145
=CAT  \\$a7332$b40$c20120202$lBLL01$h1054
=CAT  \\$aBATCH-UPD$b40$c20120821$lBLL01$h1643
=CAT  \\$aBATCH-UPD$b40$c20121018$lBLL01$h1009
=CAT  \\$aWR13.117$c20130718$lBLL01$h1857
=CAT  \\$aW1606-1753$c20171028$lBLL01$h1342
=FIN  \\$aY$d20120202
=FMT  \\$a  SE
=LAS  \\$aW1606-1753$b00$c20171028$lBLL01$h1342
=SRC  \\$aBLDatasets$bstm_datasets_20110825_mrc.xml
=TCO  \\$aZZZ$c008

