=LDR  02371 ai a2200565 a 4500
=001  015876633
=003  Uk
=005  20111214162254.0
=006  m\\\\\\\\m\|\\\\\\
=007  cr\|||||||||||
=008  110825c200u9999xxuuu\w\o\\\\\0\\\a2eng\\
=024  7\$astm20100128ak$2local
=040  \\$aUk$beng$cUk
=042  \\$aukblsr
=082  04$a551.46$223
=245  00$aNational Oceanographic Data Center$h[electronic resource].
=246  3\$aNODC
=260  \\$aSilver Spring :$bNational Oceanographic Data Center
=336  \\$atext$2rdacontent
=337  \\$acomputer$2rdamedia
=338  \\$aonline resource$2rdacarrier
=500  \\$aTitle from home page (viewed on Dec. 14, 2011).
=506  \\$aRegistration is required for some of the data.
=516  \\$atext/plain.
=520  \\$aNODC provides a wealth of oceanographic environmental, chemical, physical and biological datasets and atmospheric datasets. Data come from a range of U.S. and international monitoring activities, as well as research and commercial data. NODC is also home to the World Data Centre for Oceanography. Datasets of relevance to your work can be identified by parameter or project and there is a search across metadata for datasets.
=538  \\$aMode of access: World Wide Web.
=540  \\$aNot stated.
=584  \\$aData is collated by the NODC from various government, research and commercial sources.
=584  \\$aAccepting data submissions: No.
=650  \0$aOceanography$vDatabases.
=653  2\$aLiving With Environmental Change
=655  \7$aDataset.$2local
=655  \7$aLongitudinal data.$2local
=655  \7$aMonitoring data.$2local
=655  \7$aObservational data.$2local
=690  7\$aResearch Datasets Collection$2blcoll
=710  2\$aNational Oceanographic Data Center (U.S.)
=856  40$uhttp://www.nodc.noaa.gov/$yResearch Datasets Collection
=859  \\$aXLD$bdatasets
=CAT  \\$aRESDATASET$b00$c20110825$lBLL01$h1145
=CAT  \\$a7332$b40$c20111214$lBLL01$h1622
=CAT  \\$aBATCH-UPD$b40$c20120821$lBLL01$h1643
=CAT  \\$aBATCH-UPD$b40$c20121018$lBLL01$h1010
=CAT  \\$aWR13.117$c20130718$lBLL01$h1857
=CAT  \\$aW1606-1753$c20171028$lBLL01$h1342
=FIN  \\$aY$d20111214
=FMT  \\$a  SE
=LAS  \\$aW1606-1753$b00$c20171028$lBLL01$h1342
=SRC  \\$aBLDatasets$bstm_datasets_20110825_mrc.xml
=TCO  \\$aZZZ$c008

