=LDR  02357 ai a2200613 a 4500
=001  015876634
=003  Uk
=005  20111214155622.0
=006  m\\\\\\\\m\|\\\\\\
=007  cr\|||||||||||
=008  110825c200u9999xxuuu\w\o\\\\\0\\\a2eng\\
=024  7\$astm20100128al$2local
=040  \\$aUk$beng$cUk
=042  \\$aukblsr
=082  04$a551.31$223
=245  00$aNational Snow and Ice Data Center$h[electronic resource].
=246  3\$aNSIDC
=260  \\$aBoulder :$bNational Snow and Ice Data Center
=336  \\$atext$2rdacontent
=337  \\$acomputer$2rdamedia
=338  \\$aonline resource$2rdacarrier
=500  \\$aTitle from home page (viewed on Dec. 14, 2011).
=506  \\$aRegistration is required for some of the data.
=516  \\$atext/plain.
=520  \\$aNSIDC provides data on polar, snow, ice, glacial and frozen ground research and climate interactions with the cryosphere, covering variables such as albedo, temperature, sea ice cover snow depth and precipitation. Data can be identified by browsing data collections from programmes of research, or through metadata searches.
=538  \\$aMode of access: World Wide Web.
=540  \\$aNot stated.
=584  \\$aResearchers and agencies submit data to the NSIDC.
=584  \\$aAccepting data submissions: No.
=650  \0$aCryopedology$vDatabases.
=650  \0$aIce$vDatabases.
=650  \0$aSnow$vDatabases.
=650  \0$aGlaciology$vDatabases.
=650  \0$aGlaciers$vDatabases.
=653  2\$aLiving With Environmental Change
=655  \7$aDataset.$2local
=655  \7$aLongitudinal data.$2local
=655  \7$aObservational data.$2local
=655  \7$aReference data.$2local
=690  7\$aResearch Datasets Collection$2blcoll
=710  2\$aNational Snow and Ice Data Center (U.S.)
=856  40$uhttp://nsidc.org/$yResearch Datasets Collection
=859  \\$aXLD$bdatasets
=CAT  \\$aRESDATASET$b00$c20110825$lBLL01$h1145
=CAT  \\$a7332$b40$c20111214$lBLL01$h1556
=CAT  \\$aBATCH-UPD$b40$c20120821$lBLL01$h1643
=CAT  \\$aBATCH-UPD$b40$c20121018$lBLL01$h1010
=CAT  \\$aWR13.117$c20130718$lBLL01$h1857
=CAT  \\$aW1606-1753$c20171028$lBLL01$h1342
=FIN  \\$aY$d20111214
=FMT  \\$a  SE
=LAS  \\$aW1606-1753$b00$c20171028$lBLL01$h1342
=SRC  \\$aBLDatasets$bstm_datasets_20110825_mrc.xml
=TCO  \\$aZZZ$c008

