=LDR  02360 ai a2200589 a 4500
=001  015876636
=003  Uk
=005  20111101084311.0
=006  m\\\\\\\\m\|\\\\\\
=007  cr\|||||||||||
=008  110825c200u9999enkuu\d\o\\\\\0\\\a2eng\\
=024  7\$astm20100128bp$2local
=040  \\$aUk$beng$cUk
=042  \\$aukblsr
=082  04$a550.28$223
=245  00$aNERC Earth Observation Data Centre$h[electronic resource].
=246  3\$aNEODC
=260  \\$aHarwell :$bNERC Earth Observation Data Centre
=336  \\$atext$2rdacontent
=337  \\$acomputer$2rdamedia
=338  \\$aonline resource$2rdacarrier
=500  \\$aTitle from home page (viewed on Oct. 28, 2011).
=506  \\$aUsers must apply for access to data.
=516  \\$atext/plain.
=520  \\$aHolds Earth observation and remote sensing datasets, which includes data generated by satellites and airborne sensors as part of NERC funded research. Currently, access to any data requires registration and permission from the data centre. Data of interest can be identified using a browse of project data held on an FTP or free text search.
=538  \\$aMode of access: World Wide Web.
=540  \\$aNot stated.
=584  \\$aData are submitted to NEODC by NERC funded research projects.
=584  \\$aAccepting data submissions: Yes.
=650  \0$aEarth sciences$xRemote sensing$vDatabases.
=653  2\$aLiving With Environmental Change
=655  \7$aDataset.$2local
=655  \7$aObservational data.$2local
=655  \7$aLongitudinal data.$2local
=655  \7$aReference data.$2local
=690  7\$aResearch Datasets Collection$2blcoll
=710  2\$aNERC Earth Observation Data Centre.
=856  40$uhttp://www.neodc.rl.ac.uk/$yResearch Datasets Collection
=859  \\$aXLD$bdatasets
=CAT  \\$aRESDATASET$b00$c20110825$lBLL01$h1145
=CAT  \\$a7332$b40$c20111028$lBLL01$h1059
=CAT  \\$a7332$b40$c20111101$lBLL01$h0843
=CAT  \\$aBATCH-UPD$b40$c20120821$lBLL01$h1643
=CAT  \\$aBATCH-UPD$b40$c20121018$lBLL01$h1010
=CAT  \\$aWR13.117$c20130718$lBLL01$h1857
=CAT  \\$aBATCH-UPD$b00$c20160924$lBLL01$h0304
=CAT  \\$aW1606-1753$c20171028$lBLL01$h1342
=FIN  \\$aY$d20111028
=FMT  \\$a  SE
=LAS  \\$aW1606-1753$b00$c20171028$lBLL01$h1342
=SRC  \\$aBLDatasets$bstm_datasets_20110825_mrc.xml
=TCO  \\$aZZZ$c008

