=LDR  02422 ai a2200565 a 4500
=001  015876637
=003  Uk
=005  20111109081212.0
=006  m\\\\\\\\m\|\\\\\\
=007  cr\|||||||||||
=008  110825c200u9999xx\uu\d\o\\\\\0\\\a2eng\\
=024  7\$astm20100630i$2local
=040  \\$aUk$beng$cUk
=042  \\$aukblsr
=082  04$a591.77$223
=245  00$aOcean biogeographic information system$h[electronic resource].
=246  3\$aOBIS
=260  \\$a[S.l.] :$bOcean Biogeographic Information System
=336  \\$atext$2rdacontent
=337  \\$acomputer$2rdamedia
=338  \\$aonline resource$2rdacarrier
=500  \\$aTitle from home page (viewed on Nov. 8, 2011).
=506  \\$aData are free to access.
=516  \\$atext/html; text/plain; application/vnd.google-earth.kml+xml.
=520  \\$aOBIS provides data as part of the Census of Marine Life project. Records consist of marine species observations and can be viewed on a map view or downloaded in HTML, text or KML (Google Earth) formats. Mapped views include the KGS mapper, which allows data display overlaid to environmental parameters such as temperature. Data can be submitted to OBIS in Darwin Core format.
=538  \\$aMode of access: World Wide Web.
=540  \\$aOBIS claims no ownership nor rights to the data sets it publishes. All rights remain with the data source.
=584  \\$aData are submitted by researchers.
=584  \\$aAccepting data submissions: Yes.
=650  \0$aMarine animals$xGeographical distribution$vDatabases.
=650  \0$aMarine animals$vClassification$vDatabases.
=653  2\$aLiving With Environmental Change
=655  \7$aDataset.$2local
=655  \7$aObservational data.$2local
=655  \7$aReference data.$2local
=690  7\$aResearch Datasets Collection$2blcoll
=710  2\$aCensus of Marine Life (Program)
=856  40$uhttp://www.iobis.org/$yResearch Datasets Collection
=859  \\$aXLD$bdatasets
=CAT  \\$aRESDATASET$b00$c20110825$lBLL01$h1145
=CAT  \\$a7332$b40$c20111109$lBLL01$h0812
=CAT  \\$aBATCH-UPD$b40$c20120821$lBLL01$h1643
=CAT  \\$aBATCH-UPD$b40$c20121018$lBLL01$h1009
=CAT  \\$aWR13.117$c20130718$lBLL01$h1857
=CAT  \\$aW1606-1753$c20171028$lBLL01$h1342
=FIN  \\$aY$d20111109
=FMT  \\$a  SE
=LAS  \\$aW1606-1753$b00$c20171028$lBLL01$h1342
=SRC  \\$aBLDatasets$bstm_datasets_20110825_mrc.xml
=TCO  \\$aZZZ$c008

