=LDR  02862 ai a2200685 a 4500
=001  015876638
=003  Uk
=005  20140319105624.0
=006  m\\\\\\\\m\|\\\\\\
=007  cr\|||||||||||
=008  110825c200u9999be\uu\d\o\\\\\0\\\a2mul\\
=024  7\$astm20100128bb$2local
=040  \\$aUk$beng$cUk$dUk
=041  0\$amul$aeng
=042  \\$aukblsr
=082  04$a551.46$223
=245  00$aOcean data portal$h[electronic resource].
=246  3\$aODP
=246  3\$aOceanDataPortal
=260  \\$aOostende :$bIODE
=336  \\$atext$2rdacontent
=337  \\$acomputer$2rdamedia
=338  \\$aonline resource$2rdacarrier
=500  \\$aTitle from home page (viewed on Oct. 12, 2011).
=506  \\$aData are free to access.
=516  \\$atext/html; text/plain.
=520  \\$aODP allows a search across data providers that form part of the International Oceanographic Data and Information Exchange (IODE) programme of the Intergovernmental Oceanographic Commission (IOC) of UNESCO. Realtime, forecast, satellite and Global Temperature and Salinity Profile Program (GTSPP) data are available and can be browsed. Data can also be queried by keyword, or in advanced search by location, date, provider or parameter. Once selected, data can be visualised online or downloaded.
=538  \\$aMode of access: World Wide Web.
=540  \\$aNot stated.
=584  \\$aMetadata are collated by IODE.
=584  \\$aAccepting data submissions: Yes.
=650  \0$aOceanography$vObservations$vDatabases.
=650  \0$aOceanography$xResearch$vDatabases.
=650  \0$aOceanographic research stations$xData Processing.
=653  2\$aLiving With Environmental Change
=655  \7$aDataset.$2local
=655  \7$aMetadata.$2local
=655  \7$aMonitoring data.$2local
=655  \7$aReference data.$2local
=690  7\$aResearch Datasets Collection$2blcoll
=710  2\$aInternational Oceanographic Data and Information Exchange (Programme)
=710  2\$aIntergovernmental Oceanographic Commission.
=856  40$uhttp://www.oceandataportal.net/portal/portal/odp-theme/data$yResearch Datasets Collection
=859  \\$aXLD$bdatasets
=CAT  \\$aRESDATASET$b00$c20110825$lBLL01$h1145
=CAT  \\$a7332$b40$c20111012$lBLL01$h1611
=CAT  \\$a7332$b40$c20111122$lBLL01$h0852
=CAT  \\$a7332$b40$c20111122$lBLL01$h0853
=CAT  \\$a7332$b40$c20120724$lBLL01$h1323
=CAT  \\$aBATCH-UPD$b40$c20120821$lBLL01$h1643
=CAT  \\$aBATCH-UPD$b40$c20121018$lBLL01$h1010
=CAT  \\$a7332$b40$c20121024$lBLL01$h1425
=CAT  \\$aWR13.117$c20130718$lBLL01$h1857
=CAT  \\$a7332$b40$c20140319$lBLL01$h1056
=CAT  \\$aW1606-1753$c20171028$lBLL01$h1342
=FIN  \\$aY$d20111012
=FMT  \\$a  SE
=LAS  \\$aW1606-1753$b00$c20171028$lBLL01$h1342
=SRC  \\$aBLDatasets$bstm_datasets_20110825_mrc.xml
=TCO  \\$aZZZ$c008

