=LDR  02516 ai a2200613 a 4500
=001  015876639
=003  Uk
=005  20111020120238.0
=006  m\\\\\\\\m\|\\\\\\
=007  cr\|||||||||||
=008  110825c200u9999enkuu\d\o\\\\\0\\\a2eng\\
=024  7\$astm20100128ce$2local
=040  \\$aUk$beng$cUk
=042  \\$aukblsr
=082  04$a551.46$223
=245  00$aMarine environmental data & information network$h[electronic resource].
=246  3\$aMEDIN
=260  \\$aLiverpool :$bBritish Oceanographic Data Centre
=336  \\$atext$2rdacontent
=337  \\$acomputer$2rdamedia
=338  \\$aonline resource$2rdacarrier
=500  \\$aTitle from home page (viewed on Sept. 22, 2011).
=506  \\$aData are free to access.
=516  \\$atext/html.
=520  \\$aProvides a free text metadata or map search across oceanographic datasets held at four MEDIN data archive centres (British Oceanographic Data Centre, Data Archive for Seabed Species and Habitats, British Geological Survey and the UK Hydrographic Office). Data can also be identified by browsing by themes such as 'time series' or 'monitoring programme'. This is currently a prototype, so functionality is currently minimal.
=538  \\$aMode of access: World Wide Web.
=540  \\$aNot stated.
=584  \\$aMetadata are collated by MEDIN.
=650  \0$aOceanography$vDatabases.
=653  2\$aLiving With Environmental Change
=655  \7$aDataset.$2local
=655  \7$aMetadata.$2local
=655  \7$aMonitoring data.$2local
=655  \7$aReference data.$2local
=690  7\$aResearch Datasets Collection$2blcoll
=710  1\$aGreat Britain.$bHydrographic Office.
=710  2\$aBritish Oceanographic Data Centre.
=710  2\$aData Archive for Seabed Species and Habitats.
=710  2\$aBritish Geological Survey.
=710  2\$aMarine Environmental Data & Information Network.
=856  40$uhttp://portal.oceannet.org/search/full$yResearch Datasets Collection
=859  \\$aXLD$bdatasets
=CAT  \\$aRESDATASET$b00$c20110825$lBLL01$h1145
=CAT  \\$a7332$b40$c20110922$lBLL01$h1052
=CAT  \\$a7332$b40$c20111020$lBLL01$h1202
=CAT  \\$aBATCH-UPD$b40$c20120821$lBLL01$h1643
=CAT  \\$aBATCH-UPD$b40$c20121018$lBLL01$h1009
=CAT  \\$aWR13.117$c20130718$lBLL01$h1857
=CAT  \\$aW1606-1753$c20171028$lBLL01$h1342
=FIN  \\$aY$d20110922
=FMT  \\$a  SE
=LAS  \\$aW1606-1753$b00$c20171028$lBLL01$h1342
=SRC  \\$aBLDatasets$bstm_datasets_20110825_mrc.xml
=TCO  \\$aZZZ$c008

