=LDR  02072 ai a2200577 a 4500
=001  015876640
=003  Uk
=005  20111006104607.0
=006  m\\\\\\\\m\|\\\\\\
=007  cr\|||||||||||
=008  110825c200u9999enkuu\d\o\\\\\0\\\a2eng\\
=024  7\$astm20100128bc$2local
=040  \\$aUk$beng$cUk
=042  \\$aukblsr
=082  04$a551.458$223
=245  00$aPermanent Service for Mean Sea Level$h[electronic resource].
=246  3\$aPSMSL
=260  \\$aLiverpool :$bPermanent Service for Mean Sea Level
=336  \\$atext$2rdacontent
=337  \\$acomputer$2rdamedia
=338  \\$aonline resource$2rdacarrier
=500  \\$aTitle from home page (viewed on Oct. 6, 2011).
=506  \\$aNone.
=516  \\$atext/plain.
=520  \\$aMonthly mean and annual mean sea levels are available to download as a complete time series for all of the stations in the database and data can also be downloaded per station in plain text format.
=522  \\$aUnited Kingdom.
=538  \\$aMode of access: World Wide Web.
=540  \\$aNot stated.
=584  \\$aData are aggregated from global sea level monitors by the PSMSL.
=584  \\$aAccepting data submissions: No.
=650  \0$aSea level$vDatabases.
=650  \0$aOceanography$vDatabases.
=653  2\$aFlooding
=655  \7$aDataset.$2local
=655  \7$aMonitoring data.$2local
=655  \7$aReference data.$2local
=690  7\$aResearch Datasets Collection$2blcoll
=710  2\$aPermanent Service for Mean Sea Level.
=856  40$uhttp://www.psmsl.org/$yResearch Datasets Collection
=859  \\$aXLD$bdatasets
=CAT  \\$aRESDATASET$b00$c20110825$lBLL01$h1145
=CAT  \\$a7332$b40$c20111006$lBLL01$h1046
=CAT  \\$aBATCH-UPD$b40$c20120821$lBLL01$h1643
=CAT  \\$aBATCH-UPD$b40$c20121018$lBLL01$h1010
=CAT  \\$aWR13.117$c20130718$lBLL01$h1857
=CAT  \\$aW1606-1753$c20171028$lBLL01$h1342
=FIN  \\$aY$d20111006
=FMT  \\$a  SE
=LAS  \\$aW1606-1753$b00$c20171028$lBLL01$h1342
=SRC  \\$aBLDatasets$bstm_datasets_20110825_mrc.xml
=TCO  \\$aZZZ$c008

