=LDR  02543 ai a2200565 a 4500
=001  015876641
=003  Uk
=005  20120315132830.0
=006  m\\\\\\\\m\|\\\\\\
=007  cr\|||||||||||
=008  110825c200u9999xxuuu\d\o\\\\\0\\\a2eng\\
=024  7\$astm20100128ck$2local
=040  \\$aUk$beng$cUk
=042  \\$aukblsr
=082  04$a616.9362$223
=245  00$aPlasmoDB$h[electronic resource] :$bPlasmodium genome resource.
=260  \\$a[United States] :$bEuPathDB Project Team
=336  \\$atext$2rdacontent
=337  \\$acomputer$2rdamedia
=338  \\$aonline resource$2rdacarrier
=500  \\$aTitle from home page (viewed on Mar. 15, 2012).
=506  \\$aData are free to access.
=510  3\$uhttp://dx.doi.org/10.1093/nar/gkn814
=516  \\$atext/html; text/csv; text/xml; FASTA.
=520  \\$aPlasmoDB provides genomic data on plasmodial parasites, including Plasmodium falciparum, P. vivax, P. yoelii, P. berghei, P. chabaudi and P. knowlesi. Genes of interest can be located by keyword, species, genomic location, gene annotation, protein information (such as structure or epitope presence), BLAST, expression, cellular location, function, phenotype, SNP characteristics and orthology and homology across genera. Other data that are also available are: single nucleotide polymorphisms (SNPs), expressed sequence tags (ESTs), transcripts, open reading frames (ORFs) and serial analysis of gene expression (SAGE) tags.
=538  \\$aMode of access: World Wide Web.
=540  \\$aNot stated.
=584  \\$aData are collated by the EuPathDB team.
=650  \0$aPlasmodium falciparum$xGenome mapping$vDatabases.
=650  \0$aProtozoan diseases$vDatabases.
=650  \0$aPlasmodiidae$zDatabases.
=653  2\$aNeglected Tropical Disease
=655  \7$aDataset.$2local
=655  \7$aExperimental data.$2local
=655  \7$aReference data.$2local
=690  7\$aResearch Datasets Collection$2blcoll
=710  2\$aEuPath Project Team.
=856  40$uhttp://plasmodb.org/$yResearch Datasets Collection
=859  \\$aXLD$bdatasets
=CAT  \\$aRESDATASET$b00$c20110825$lBLL01$h1145
=CAT  \\$a7332$b40$c20120315$lBLL01$h1328
=CAT  \\$aBATCH-UPD$b40$c20120821$lBLL01$h1643
=CAT  \\$aBATCH-UPD$b40$c20121018$lBLL01$h1009
=CAT  \\$aWR13.117$c20130718$lBLL01$h1857
=CAT  \\$aW1606-1753$c20171028$lBLL01$h1342
=FIN  \\$aY$d20120315
=FMT  \\$a  SE
=LAS  \\$aW1606-1753$b00$c20171028$lBLL01$h1342
=SRC  \\$aBLDatasets$bstm_datasets_20110825_mrc.xml
=TCO  \\$aZZZ$c008

