=LDR  02404 ai a2200589 a 4500
=001  015876642
=003  Uk
=005  20111011113336.0
=006  m\\\\\\\\m\|\\\\\\
=007  cr\|||||||||||
=008  110825c200u9999xxuuu\d\o\\\\\0\\\a2eng\\
=024  7\$astm20091117a$2local
=040  \\$aUk$beng$cUk
=042  \\$aukblsr
=082  04$a333.918$223
=245  00$aRamsar wetland data gateway$h[electronic resource].
=260  \\$a[United States] :$bCenter for International Earth Science Information Network
=336  \\$atext$2rdacontent
=337  \\$acomputer$2rdamedia
=338  \\$aonline resource$2rdacarrier
=500  \\$aTitle from home page (viewed on Oct. 11, 2011).
=506  \\$aData are free to access.
=516  \\$atext/html.
=520  \\$aData about Ramsar registered wetlands, including location, type of wetland and threats to its maintenance. Reports can be created per contracting party (country), as well as searched by site and variable.
=538  \\$aMode of access: World Wide Web.
=540  \\$aCopyright is The Trustees of Columbia University in the City of New York.
=584  \\$aData are submitted by government signed up to the Ramsar agreement.
=584  \\$aAccepting data submissions: No.
=650  \0$aWetlands$vDatabases.
=653  2\$aLiving With Environmental Change
=655  \7$aDataset.$2local
=655  \7$aReference data.$2local
=655  \7$aMonitoring data.$2local
=690  7\$aResearch Datasets Collection$2blcoll
=710  2\$aCenter for International Earth Science Information Network.
=710  2\$aInternational Union for Conservation of Nature and Natural Resources.$bRamsar Convention Bureau.
=710  2\$aWetlands International.
=710  2\$aSocioeconomic Data and Applications Center.
=856  40$uhttp://sedac.ciesin.org/ramsardg/$yResearch Datasets Collection
=859  \\$aXLD$bdatasets
=CAT  \\$aRESDATASET$b00$c20110825$lBLL01$h1145
=CAT  \\$a7332$b40$c20111011$lBLL01$h1123
=CAT  \\$a7332$b40$c20111011$lBLL01$h1133
=CAT  \\$aBATCH-UPD$b40$c20120821$lBLL01$h1643
=CAT  \\$aBATCH-UPD$b40$c20121018$lBLL01$h1009
=CAT  \\$aWR13.117$c20130718$lBLL01$h1857
=CAT  \\$aW1606-1753$c20171028$lBLL01$h1342
=FIN  \\$aY$d20111011
=FMT  \\$a  SE
=LAS  \\$aW1606-1753$b00$c20171028$lBLL01$h1342
=SRC  \\$aBLDatasets$bstm_datasets_20110825_mrc.xml
=TCO  \\$aZZZ$c008

