=LDR  02304 ai a2200589 a 4500
=001  015876643
=003  Uk
=005  20111104084902.0
=006  m\\\\\\\\m\|\\\\\\
=007  cr\|||||||||||
=008  110825c200u9999xxuuu\d\o\\\\\0\\\a2eng\\
=024  7\$astm20100128bd$2local
=040  \\$aUk$beng$cUk
=042  \\$aukblsr
=082  04$a621.042$223
=245  00$aRenewable Resource Data Center$h[electronic resource].
=246  3\$aRReDC
=260  \\$aGolden :$bNational Renewable Energy Laboratory
=336  \\$atext$2rdacontent
=337  \\$acomputer$2rdamedia
=338  \\$aonline resource$2rdacarrier
=500  \\$aTitle from home page (viewed on Nov. 3, 2011).
=506  \\$aData are free to access.
=516  \\$atext/html; image/jpg; shapefile.
=520  \\$aProvides data on the availability of renewable energy in the U.S. including biomass (maps of residues and methane emissions), solar (solar radiation and spectral data) and wind energy (meteorological information at potential wind farm sites, Eastern and Western Wind datasets), across the country.
=522  \\$aUnited States.
=538  \\$aMode of access: World Wide Web.
=540  \\$aPublic Domain.
=584  \\$aData are collated by the NREL.
=584  \\$aAccepting data submissions: No.
=650  \0$aRenewable energy sources$zUnited States$vDatabases.
=650  \0$aEnergy development$zUnited States.
=650  \0$aPower resources$xResearch$zUnited States.
=653  2\$aLiving With Environmental Change
=655  \7$aDataset.$2local
=655  \7$aMonitoring data.$2local
=655  \7$aReference data.$2local
=690  7\$aResearch Datasets Collection$2blcoll
=710  2\$aNational Renewable Energy Laboratory (U.S.)
=856  40$uhttp://www.nrel.gov/rredc/$yResearch Datasets Collection
=859  \\$aXLD$bdatasets
=CAT  \\$aRESDATASET$b00$c20110825$lBLL01$h1145
=CAT  \\$a7332$b40$c20111104$lBLL01$h0849
=CAT  \\$aBATCH-UPD$b40$c20120821$lBLL01$h1643
=CAT  \\$aBATCH-UPD$b40$c20121018$lBLL01$h1010
=CAT  \\$aWR13.117$c20130718$lBLL01$h1857
=CAT  \\$aW1606-1753$c20171028$lBLL01$h1342
=FIN  \\$aY$d20111104
=FMT  \\$a  SE
=LAS  \\$aW1606-1753$b00$c20171028$lBLL01$h1342
=SRC  \\$aBLDatasets$bstm_datasets_20110825_mrc.xml
=TCO  \\$aZZZ$c008

