=LDR  02548 ai a2200625 a 4500
=001  015876644
=003  Uk
=005  20140212085803.0
=006  m\\\\\\\\m\|\\\\\\
=007  cr\|||||||||||
=008  110825c20089999enkuu\d\o\s\\\0\\\a2eng\\
=024  7\$astm20100128be$2local
=040  \\$aUk$beng$cUk$dUk
=042  \\$aukblsr
=082  04$a662.88021$223
=130  0\$aBiofuels (London, England : Online)
=245  10$aBiofuels$h[electronic resource].
=260  \\$aLondon :$bDepartment for Transport
=336  \\$atext$2rdacontent
=337  \\$acomputer$2rdamedia
=338  \\$aonline resource$2rdacarrier
=500  \\$aTitle from home page (viewed on Jan. 18, 2012).
=506  \\$aData are free to access.
=516  \\$aapplication/msexcel; application/pdf.
=518  \\$aApril 2008-.
=520  \\$aProvides monthly and quarterly data on the supply, origin, carbon and sustainability for biofuels (biodiesel and bioenthanol) in the UK. Data are produced under the Renewable Transport Fuels Obligation (RTFO). Data in detail as well as summary are provided in Excel files. Reports based on these data are available from the same location.
=522  \\$aUnited Kingdom.
=538  \\$aMode of access: World Wide Web.
=540  \\$aCreators/Contributors retain copyright.
=584  \\$aData are submitted by fuel suppliers.
=584  \\$aAccepting data submissions: No.
=650  \0$aBiomass energy$zGreat Britain$vStatistics$vDatabases.
=653  2\$aLiving With Environmental Change
=655  \7$aDataset.$2local
=655  \7$aMonitoring data.$2local
=655  \7$aReference data.$2local
=690  7\$aResearch Datasets Collection$2blcoll
=710  1\$aGreat Britain.$bDepartment for Transport.
=780  00$aRenewable Transport Fuels Obligation reports
=856  40$uhttps://www.gov.uk/government/collections/biofuels-statistics$yResearch Datasets Collection
=859  \\$aXLD$bdatasets
=985  \\$aRecord amended for WR# 13/070
=CAT  \\$aRESDATASET$b00$c20110825$lBLL01$h1145
=CAT  \\$a7332$b40$c20120118$lBLL01$h0914
=CAT  \\$aBATCH-UPD$b40$c20120821$lBLL01$h1643
=CAT  \\$aBATCH-UPD$b40$c20121018$lBLL01$h1009
=CAT  \\$aWR13_070$b00$c20130504$lBLL01$h0333
=CAT  \\$aWR13.117$c20130718$lBLL01$h1857
=CAT  \\$a7332$b40$c20140212$lBLL01$h0858
=CAT  \\$aW1606-1753$c20171028$lBLL01$h1342
=FIN  \\$aY$d20120118
=FMT  \\$a  SE
=LAS  \\$aW1606-1753$b00$c20171028$lBLL01$h1342
=SRC  \\$aBLDatasets$bstm_datasets_20110825_mrc.xml
=TCO  \\$aZZZ$c008

