=LDR  02548 ai a2200577 a 4500
=001  015876645
=003  Uk
=005  20111104083217.0
=006  m\\\\\\\\m\|\\\\\\
=007  cr\|||||||||||
=008  110825c200u9999stkuu\d\o\s\\\0\\\a2eng\\
=024  7\$astm20100128bg$2local
=040  \\$aUk$beng$cUk
=042  \\$aukblsr
=082  04$a363.7009411$223
=245  00$aScottish environmental statistics online$h[electronic resource].
=260  \\$aEdinburgh :$bScottish Government
=336  \\$atext$2rdacontent
=337  \\$acomputer$2rdamedia
=338  \\$aonline resource$2rdacarrier
=500  \\$aTitle from home page (viewed on Nov. 3, 2011).
=506  \\$aData are free to access.
=516  \\$aapplication/msexcel; text/html.
=520  \\$aProvides public access to environmental data about Scotland, including climate and ozone, water and air quality, noise pollution, waste and recycling, radioactivity, land cover (agricultural and forestry), biodiversity and conservation. Additional data available include population, GDP, electricity production, oil and gas use and traffic data. Full data are all available in Excel spreadsheets and the online interface allows users to filter data for individual locations and years.
=522  \\$aScotland.
=538  \\$aMode of access: World Wide Web.
=540  \\$aCrown Copyright.
=584  \\$aData are collected by The Scottish Government.
=584  \\$aAccepting data submissions: No.
=650  \0$aEnvironmental protection$zScotland$vStatistics$vDatabases.
=650  \0$aEnvironmental monitoring$zScotland$vDatabases.
=653  2\$aLiving With Environmental Change
=655  \7$aDataset.$2local
=655  \7$aMonitoring data.$2local
=655  \7$aReference data.$2local
=690  7\$aResearch Datasets Collection$2blcoll
=710  1\$aScotland.$bRural Payments and Inspections Directorate.
=856  40$uhttp://www.scotland.gov.uk/Topics/Statistics/Browse/Environment/seso$yResearch Datasets Collection
=859  \\$aXLD$bdatasets
=CAT  \\$aRESDATASET$b00$c20110825$lBLL01$h1145
=CAT  \\$a7332$b40$c20111104$lBLL01$h0832
=CAT  \\$aBATCH-UPD$b40$c20120821$lBLL01$h1643
=CAT  \\$aBATCH-UPD$b40$c20121018$lBLL01$h1010
=CAT  \\$aWR13.117$c20130718$lBLL01$h1857
=CAT  \\$aBATCH-UPD$b00$c20160924$lBLL01$h0304
=CAT  \\$aW1606-1753$c20171028$lBLL01$h1342
=FIN  \\$aY$d20111104
=FMT  \\$a  SE
=LAS  \\$aW1606-1753$b00$c20171028$lBLL01$h1342
=SRC  \\$aBLDatasets$bstm_datasets_20110825_mrc.xml
=TCO  \\$aZZZ$c008

