=LDR  02370 ai a2200577 a 4500
=001  015876646
=003  Uk
=005  20120508155816.0
=006  m\\\\\\\\m\|\\\\\\
=007  cr\|||||||||||
=008  110825c200u9999xxuuu\d\o\\\\\0\\\a2eng\\
=024  7\$astm20100128bh$2local
=040  \\$aUk$beng$cUk
=042  \\$aukblsr
=082  04$a363.7387463$223
=245  00$aScripps CO2 Program$h[electronic resource].
=260  \\$aLa Jolla :$bScripps Institution of Oceanography
=336  \\$atext$2rdacontent
=337  \\$acomputer$2rdamedia
=338  \\$aonline resource$2rdacarrier
=500  \\$aTitle from wEB page (viewed on Oct. 11, 2011).
=506  \\$aData are free to access.
=516  \\$atext/csv.
=520  \\$aProvides atmospheric (in situ, flask and isotopic CO2) and seawater carbon dioxide measurements. Precise station coordinates are given for atmospheric measurements and are available as daily measurements or monthly averages. Seawater measurements are from cruise data and give precise coordinates of each sample.
=538  \\$aMode of access: World Wide Web.
=540  \\$aCopyright: 2012 Scripps CO2 Program.
=584  \\$aData are generated from research at the Scripps Institution of Oceanography.
=584  \\$aAccepting data submissions: No.
=650  \0$aAtmospheric carbon dioxide$vObservations$vDatabases.
=650  \0$aSeawater$vObservations$xCarbon dioxide content$vDatabases.
=653  2\$aLiving With Environmental Change
=655  \7$aDataset.$2local
=655  \7$aMonitoring data.$2local
=655  \7$aLongitudinal data.$2local
=655  \7$aReference data.$2local
=690  7\$aResearch Datasets Collection$2blcoll
=710  2\$aScripps Institution of Oceanography.
=856  40$uhttp://scrippsco2.ucsd.edu/data/data.html$yResearch Datasets Collection
=859  \\$aXLD$bdatasets
=CAT  \\$aRESDATASET$b00$c20110825$lBLL01$h1145
=CAT  \\$a7332$b40$c20111011$lBLL01$h1312
=CAT  \\$a7332$b40$c20120508$lBLL01$h1558
=CAT  \\$aBATCH-UPD$b40$c20120821$lBLL01$h1643
=CAT  \\$aBATCH-UPD$b40$c20121018$lBLL01$h1010
=CAT  \\$aWR13.117$c20130718$lBLL01$h1857
=CAT  \\$aW1606-1753$c20171028$lBLL01$h1342
=FIN  \\$aY$d20111011
=FMT  \\$a  SE
=LAS  \\$aW1606-1753$b00$c20171028$lBLL01$h1342
=SRC  \\$aBLDatasets$bstm_datasets_20110825_mrc.xml
=TCO  \\$aZZZ$c008

