=LDR  02321 ai a2200577 a 4500
=001  015876647
=003  Uk
=005  20111203103509.0
=006  m\\\\\\\\m\|\\\\\\
=007  cr\|||||||||||
=008  110825c200u9999ie\uu\d\o\\\\\0\\\a2eng\\
=024  7\$astm20100128bi$2local
=040  \\$aUk$beng$cUk
=042  \\$aukblsr
=082  04$a333.0720415$223
=245  00$aSecure archive for environmental research data$h[electronic resource].
=246  3\$aSAFER-Data
=260  \\$aWexford :$bEnvironmental Protection Agency (Ireland, EPA)
=336  \\$atext$2rdacontent
=337  \\$acomputer$2rdamedia
=338  \\$aonline resource$2rdacarrier
=500  \\$aTitle from home page (viewed on Oct. 3, 2011).
=506  \\$aData are free to access.
=516  \\$atext/csv; application/msexcel.
=520  \\$aProvides datasets that from research and monitoring undertaken by the EPA. These cover topics not limited to air quality, climate change, hydrology and water quality, waste treatment, biofuels, biodiversity and soils. Research reports for each project are also available alongside each dataset.
=538  \\$aMode of access: World Wide Web.
=540  \\$aNot stated.
=584  \\$aData is collected by the EPA (Ireland).
=584  \\$aAccepting data submissions: No.
=650  \0$aEnvironmental sciences$xResearch$zIreland$vDatabases.
=650  \0$aEnvironmental monitoring$zIreland$vDatabases.
=650  \0$aClimatology$xResearch$zIreland$vDatabases.
=653  2\$aLiving With Environmental Change
=655  \7$aDataset.$2local
=655  \7$aMonitoring data.$2local
=655  \7$aReference data.$2local
=690  7\$aResearch Datasets Collection$2blcoll
=710  1\$aIreland.$bEnvironmental Protection Agency.
=856  40$uhttp://erc.epa.ie/safer/$yResearch Datasets Collection
=859  \\$aXLD$bdatasets
=CAT  \\$aRESDATASET$b00$c20110825$lBLL01$h1145
=CAT  \\$a7332$b40$c20111203$lBLL01$h1035
=CAT  \\$aBATCH-UPD$b40$c20120821$lBLL01$h1643
=CAT  \\$aBATCH-UPD$b40$c20121018$lBLL01$h1010
=CAT  \\$aWR13.117$c20130718$lBLL01$h1857
=CAT  \\$aW1606-1753$c20171028$lBLL01$h1342
=FIN  \\$aY$d20111203
=FMT  \\$a  SE
=LAS  \\$aW1606-1753$b00$c20171028$lBLL01$h1342
=SRC  \\$aBLDatasets$bstm_datasets_20110825_mrc.xml
=TCO  \\$aZZZ$c008

