=LDR  02683 ai a2200613 a 4500
=001  015876648
=003  Uk
=005  20111214150027.0
=006  m\\\\\\\\m\|\\\\\\
=007  cr\|||||||||||
=008  110825c200u9999fr\uu\d\o\\\\\0\\\a2eng\\
=024  7\$astm20100128bj$2local
=040  \\$aUk$beng$cUk
=041  0\$aeng$afre
=042  \\$aukblsr
=082  04$a551.46$223
=245  00$aSystèmes d'Informations Scientifiques pour la Mer$h[electronic resource].
=246  3\$aSISMER
=260  \\$a[France] :$bIFREMER
=336  \\$atext$2rdacontent
=337  \\$acomputer$2rdamedia
=338  \\$aonline resource$2rdacarrier
=500  \\$aTitle from home page (viewed on Dec. 14, 2011).
=506  \\$aSome data require permission to access.
=516  \\$atext/html; text/plain.
=520  \\$aSISMER is the National Oceanographic Data Centre for France. It provides access to data in the National Oceanographic Data Banks from various disciplines collected by French research programmes or international programmes with a French research component. Data can be identified using a map search, free text search or based on a parameter, temporal coverage, or collection platform of interest. Some data may incur processing fees, but most data is freely available to registered users. Also provides access to the French cruise directory.
=538  \\$aMode of access: World Wide Web.
=540  \\$aCreators/Contributors retain copyright.
=546  \\$aInterface in English and French.
=584  \\$aData are submitted to SISMER by researchers.
=584  \\$aAccepting data submissions: Yes.
=650  \0$aOceanography$vDatabases.
=653  2\$aLiving With Environmental Change
=655  \7$aDataset.$2local
=655  \7$aMonitoring data.$2local
=655  \7$aObservational data.$2local
=655  \7$aReference data.$2local
=690  7\$aResearch Datasets Collection$2blcoll
=710  2\$aInstitut français de recherche pour l'exploitation de la mer.
=856  40$uhttp://www.ifremer.fr/sismer/UK/donnees_UK.htm$yResearch Datasets Collection
=859  \\$aXLD$bdatasets
=CAT  \\$aRESDATASET$b00$c20110825$lBLL01$h1145
=CAT  \\$a7332$b40$c20111214$lBLL01$h1500
=CAT  \\$aBATCH-UPD$b40$c20120821$lBLL01$h1643
=CAT  \\$aBATCH-UPD$b40$c20121018$lBLL01$h1010
=CAT  \\$aWR13.117$c20130718$lBLL01$h1857
=CAT  \\$aBATCH-UPD$b00$c20160924$lBLL01$h0304
=CAT  \\$aBATCH-UPD$b00$c20161026$lBLL01$h2025
=CAT  \\$aW1606-1753$c20171028$lBLL01$h1342
=FIN  \\$aY$d20111214
=FMT  \\$a  SE
=LAS  \\$aW1606-1753$b00$c20171028$lBLL01$h1342
=SRC  \\$aBLDatasets$bstm_datasets_20110825_mrc.xml
=TCO  \\$aZZZ$c008

