=LDR  02907 ai a22006015a 4500
=001  015876649
=003  Uk
=005  20111208075835.0
=006  m\\\\\\\\m\|\\\\\\
=007  cr\|||||||||||
=008  110825c200u9999enkar\d\o\\\\\0\\\a2eng\\
=024  7\$astm20100630e$2local
=040  \\$aUk$beng$cUk
=042  \\$aukblsr
=082  04$a578.012$223
=245  00$aCatalogue of life: ... annual checklist$h[electronic resource] :$bindexing the world's known species.
=260  \\$aReading :$bUniversity of Reading
=310  \\$aAnnual
=336  \\$atext$2rdacontent
=337  \\$acomputer$2rdamedia
=338  \\$aonline resource$2rdacarrier
=500  \\$aTitle from home page (viewed on Dec. 8, 2011).
=500  \\$aFixed edition each year.
=506  \\$aData are free to access.
=516  \\$atext/html.
=520  \\$aThe Catalogue of Life aims to create a listing of the worlds known species. It is currently used as the taxonomic 'backbone' of many biodiversity data resources, including the Global Biodiversity Information Facility and Encyclopedia of Life. The Annual checklist is comprised of taxonomies of viruses, bacteria, corals, molluscs, crustaceans, flies, ichneumon wasps, geometrid moths, weevils, fish, birds, mammals, fungi, mosses, fossil plants, and angiosperms, with additional groups to be added in the future. The annual checklist is fixed, but updated every year. Previous versions are available from the Species 2000 website. A dynamic version is also available that is updated as and when contributors update their taxonomies. Only a small number of data contributors are given, see the COL site for the full list.
=538  \\$aMode of access: World Wide Web.
=540  \\$aNot stated.
=584  \\$aData are contributed by member taxonomic databases.
=584  \\$aAccepting data submissions: No.
=650  \0$aSpecies$vIndexes$vDatabases.
=650  \0$aBiology$xNomenclature$vIndexes$vDatabases.
=653  2\$aLiving With Environmental Change
=655  \7$aDataset.$2local
=655  \7$aReference data.$2local
=655  \7$aMonitoring data.$2local
=690  7\$aResearch Datasets Collection$2blcoll
=710  2\$aIntegrated Taxonomic Information System.
=710  2\$aSpecies 2000 (Organization)
=710  2\$aETI BioInformatics.
=856  40$uhttp://www.catalogueoflife.org/annual-checklist/2010/search/all$yResearch Datasets Collection
=859  \\$aXLD$bdatasets
=CAT  \\$aRESDATASET$b00$c20110825$lBLL01$h1145
=CAT  \\$a7332$b40$c20111208$lBLL01$h0758
=CAT  \\$aBATCH-UPD$b40$c20120821$lBLL01$h1643
=CAT  \\$aBATCH-UPD$b40$c20121018$lBLL01$h1010
=CAT  \\$aWR13.117$c20130718$lBLL01$h1857
=CAT  \\$aW1606-1753$c20171028$lBLL01$h1342
=FIN  \\$aY$d20111208
=FMT  \\$a  SE
=LAS  \\$aW1606-1753$b00$c20171028$lBLL01$h1342
=SRC  \\$aBLDatasets$bstm_datasets_20110825_mrc.xml
=TCO  \\$aZZZ$c008

