=LDR  02525 ai a2200625 a 4500
=001  015876650
=003  Uk
=005  20110916153404.0
=006  m\\\\\\\\m\|\\\\\\
=007  cr\|||||||||||
=008  110825c200u9999no\uu\d\o\\\\\0\\\a2eng\\
=024  7\$astm20100128bk$2local
=040  \\$aUk$beng$cUk
=041  0\$aeng$anor
=042  \\$aukblsr
=082  04$a363.7009481$223
=245  00$aState of the environment Norway$h[electronic resource].
=246  3\$aSOE Norway
=260  \\$aOslo :$bNorwegian Climate and Pollution Agency
=336  \\$atext$2rdacontent
=337  \\$acomputer$2rdamedia
=338  \\$aonline resource$2rdacarrier
=500  \\$aTitle from title bar (viewed on Sept. 16, 2011).
=506  \\$aData are free to access.
=516  \\$atext/csv; application/msexcel; application/pdf; image/tif.
=520  \\$aProvides data relating to the Norwegian environment. Covers the topics of air pollution, biodiversity, climate and ozone, noise pollution, waste and water quality. Data are presented as maps, graphs and data tables. Users can choose the format of data table to download, from CSV, Excel or XML formats.
=522  \\$aNorway.
=538  \\$aMode of access: World Wide Web.
=540  \\$a© State of the Environment Norway (www.environment.no).
=546  \\$aEnglish and Norwegian.
=584  \\$aData are collected by environmental directorates in Norway.
=584  \\$aAccepting data submissions: No.
=650  \0$aEnvironmental policy$zNorway$vDatabases.
=650  \0$aEnvironmental protection$zNorway$vDatabases.
=651  \0$aNorway$xEnvironmental conditions$vDatabases.
=653  2\$aLiving With Environmental Change
=655  \7$aDataset.$2local
=655  \7$aMonitoring data.$2local
=655  \7$aReference data.$2local
=690  7\$aResearch Datasets Collection$2blcoll
=710  2\$aNorwegian Climate and Pollution Agency.
=856  40$uhttp://www.environment.no/Maps-and-data/Norway/$yResearch Datasets Collection
=859  \\$aXLD$bdatasets
=985  \\$a710 = new hdg.
=CAT  \\$aRESDATASET$b00$c20110825$lBLL01$h1145
=CAT  \\$a7332$b40$c20110916$lBLL01$h1534
=CAT  \\$aBATCH-UPD$b40$c20120821$lBLL01$h1643
=CAT  \\$aBATCH-UPD$b40$c20121018$lBLL01$h1010
=CAT  \\$aWR13.117$c20130718$lBLL01$h1857
=CAT  \\$aW1606-1753$c20171028$lBLL01$h1342
=FIN  \\$aY$d20110916
=FMT  \\$a  SE
=LAS  \\$aW1606-1753$b00$c20171028$lBLL01$h1342
=SRC  \\$aBLDatasets$bstm_datasets_20110825_mrc.xml
=TCO  \\$aZZZ$c008

