=LDR  02519 ai a2200625 a 4500
=001  015876651
=003  Uk
=005  20140212090825.0
=006  m\\\\\\\\m\|\\\\\\
=007  cr\|||||||||||
=008  110825c200u9999enkuu\d\o\\\\\0\\\a2eng\\
=024  7\$astm20100628e$2local
=040  \\$aUk$beng$cUk$dUk
=042  \\$aukblsr
=082  04$a591.788$223
=245  04$aThe Global Population Dynamics Database$h[electronic resource].
=246  3\$aGPDD
=260  \\$aLondon :$bCentre for Population Biology
=336  \\$atext$2rdacontent
=337  \\$acomputer$2rdamedia
=338  \\$aonline resource$2rdacarrier
=500  \\$aTitle from home page (viewed on Sept. 14, 2011).
=506  \\$aUsers must register to access data.
=516  \\$atext/html; image/gif.
=520  \\$aThe GPDD team has methodically surveyed the literature for population data, and obtained unpublished population data to enter into the database. After registration, data is available by species, site and habitat type. Populations are given for each site and species by year. Data from the British Trust for Ornithology is restricted.
=538  \\$aMode of access: World Wide Web.
=540  \\$aNot stated.
=584  \\$aData were collected from published and unpublished sources.
=584  \\$aAccepting data submissions: No.
=650  \0$aAnimal populations$vDatabases.
=650  \0$aPlant populations$vDatabases.
=650  \0$aPopulation biology$vDatabases.
=653  2\$aLiving With Environmental Change
=655  \7$aDataset.$2local
=655  \7$aMonitoring data.$2local
=655  \7$aLongitudinal data.$2local
=655  \7$aReference data.$2local
=690  7\$aResearch Datasets Collection$2blcoll
=710  2\$aCentre for Population Biology.
=710  2\$aNational Center for Ecological Analysis and Synthesis.
=856  40$uhttp://www3.imperial.ac.uk/cpb/databases/gpdd$yResearch Datasets Collection
=859  \\$aXLD$bdatasets
=CAT  \\$aRESDATASET$b00$c20110825$lBLL01$h1145
=CAT  \\$a7332$b40$c20110915$lBLL01$h1029
=CAT  \\$a7332$b40$c20111222$lBLL01$h1628
=CAT  \\$aBATCH-UPD$b40$c20120821$lBLL01$h1643
=CAT  \\$aBATCH-UPD$b40$c20121018$lBLL01$h1009
=CAT  \\$aWR13.117$c20130718$lBLL01$h1857
=CAT  \\$a7332$b40$c20140212$lBLL01$h0908
=CAT  \\$aW1606-1753$c20171028$lBLL01$h1342
=FIN  \\$aY$d20110915
=FMT  \\$a  SE
=LAS  \\$aW1606-1753$b00$c20171028$lBLL01$h1342
=SRC  \\$aBLDatasets$bstm_datasets_20110825_mrc.xml
=TCO  \\$aZZZ$c008

