=LDR  03142 ai a2200601 a 4500
=001  015876652
=003  Uk
=005  20140212090955.0
=006  m\\\\\\\\m\|\\\\\\
=007  cr\|||||||||||
=008  110825c200u9999xxuuu\d\o\\\\\0\\\a2eng\\
=024  7\$astm20100128b$2local
=040  \\$aUk$beng$cUk$dUk
=042  \\$aukblsr
=082  04$a553.7$223
=245  04$aThe world's water$h[electronic resource] :$binformation on the world's freshwater resources.
=260  \\$aOakland :$bPacific Institute
=310  \\$aBiennially
=336  \\$atext$2rdacontent
=337  \\$acomputer$2rdamedia
=338  \\$aonline resource$2rdacarrier
=500  \\$aTitle from home page (viewed on Oct. 6, 2011).
=506  \\$aData are free to access.
=516  \\$aapplication/msexcel; application/msword; application/pdf; text/csv.
=520  \\$aThe World's Water is a biennial report on the worlds freshwater resources. The data behind these reports is presented for download. Data tables include: Total renewable freshwater supply; freshwater withdrawal; access to safe drinking water, water supply and sanitation; MDG progress on access to safe drinking water; top environmental concerns of the American public; annual average ODA for water; twenty largest recipients of ODA for water; investment in water and sewerage projects with private participation; bottled water consumption; irrigation; the U.S. water industry revenue and growth; pesticide occurrence in streams, groundwater, fish, and sediment in the United States; desalination capacity and plants; statistics on dams and dam commissioning; waterborne diseases; hydroelectric capacity and production by country. These data are all summary data, and are available in Excel, PDF and CSV formats.
=538  \\$aMode of access: World Wide Web.
=540  \\$aCopyright 2009 Pacific Institute. May be republished with permission.
=584  \\$aData are collated from the literature and other data resources.
=584  \\$aAccepting data submissions: No.
=650  \0$aFresh water$vDatabases.
=650  \0$aWater-supply$vDatabases.
=650  \0$aWater resources development$vDatabases.
=650  \0$aWater resources development$xInternational cooperation$vDatabases.
=653  2\$aFlooding
=655  \7$aDataset.$2local
=655  \7$aMonitoring data.$2local
=655  \7$aReference data.$2local
=690  7\$aResearch Datasets Collection$2blcoll
=710  2\$aPacific Institute for Studies in Development, Environment, and Security.
=856  40$uhttp://www2.worldwater.org/data.html$yResearch Datasets Collection
=859  \\$aXLD$bdatasets
=CAT  \\$aRESDATASET$b00$c20110825$lBLL01$h1145
=CAT  \\$a7332$b40$c20111006$lBLL01$h1120
=CAT  \\$aBATCH-UPD$b40$c20120821$lBLL01$h1643
=CAT  \\$aBATCH-UPD$b40$c20121018$lBLL01$h1010
=CAT  \\$aWR13.117$c20130718$lBLL01$h1857
=CAT  \\$a7332$b40$c20140212$lBLL01$h0909
=CAT  \\$aW1606-1753$c20171028$lBLL01$h1342
=FIN  \\$aY$d20111006
=FMT  \\$a  SE
=LAS  \\$aW1606-1753$b00$c20171028$lBLL01$h1342
=SRC  \\$aBLDatasets$bstm_datasets_20110825_mrc.xml
=TCO  \\$aZZZ$c008

