=LDR  02734 ai a2200661 a 4500
=001  015876653
=003  Uk
=005  20130927112945.0
=006  m\\\\\\\\m\|\\\\\\
=007  cr\|||||||||||
=008  110825c200u9999xxuuu\d\o\\\\\0\\\a2eng\\
=024  7\$astm20091117d$2local
=040  \\$aUk$beng$cUk$dUk
=042  \\$aukblsr
=082  04$a571.95
=245  00$aTOXNET$h[electronic resource] :$btoxicology data network.
=246  3\$aToxicology data network
=260  \\$aBethesda, MD :$bU.S. National Library of Medicine
=336  \\$atext$2rdacontent
=337  \\$acomputer$2rdamedia
=338  \\$aonline resource$2rdacarrier
=500  \\$aTitle from home page (viewed on Mar. 15, 2012).
=506  \\$aNone.
=510  3\$uhttp://dx.doi.org/10.1177/074823370001600101
=516  \\$atext/html; text/plain.
=520  \\$aProvides a central search point for various databases related to chemistry, biomedical toxicity (e.g. genetic and developmental toxicology and carcinogenesis), and environmental toxicity (e.g. release inventories and risk estimates). Searches on chemicals, drugs or symptoms will provide results that link to relevant records across linked databases
=538  \\$aMode of access: World Wide Web.
=540  \\$aNot stated.
=584  \\$aDatabases are collated by the National Library of Medicine.
=584  \\$aAccepting data submissions: No.
=650  \0$aHazardous substances$xEnvironmental aspects$vDatabases.
=650  \0$aHazardous substances$xHealth aspects$vDatabases.
=650  \0$aHazardous wastes$vDatabases.
=650  \0$aToxicology$vDatabases.
=655  \7$aDataset.$2local
=655  \7$aEstablished information on a system or subject.$2local
=655  \7$aMonitoring data.$2local
=655  \7$aReference data.$2local
=690  7\$aResearch Datasets Collection$2blcoll
=710  1\$aUnited States.$bDepartment of Health and Human Services.
=710  2\$aNational Institute of Health (U.S.)
=710  2\$aNational Library of Medicine (U.S.)
=856  40$uhttp://toxnet.nlm.nih.gov$yResearch Datasets Collection
=859  \\$aXLD$bdatasets
=985  \\$aRecord amended for WR# 13/070
=CAT  \\$aRESDATASET$b00$c20110825$lBLL01$h1145
=CAT  \\$a7332$b40$c20120315$lBLL01$h0811
=CAT  \\$aBATCH-UPD$b40$c20120821$lBLL01$h1643
=CAT  \\$aBATCH-UPD$b40$c20121018$lBLL01$h1010
=CAT  \\$aWR13_070$b00$c20130504$lBLL01$h0333
=CAT  \\$aWR13.117$c20130718$lBLL01$h1857
=CAT  \\$a7332$b40$c20130927$lBLL01$h1129
=CAT  \\$aW1606-1753$c20171028$lBLL01$h1342
=FIN  \\$aY$d20120315
=FMT  \\$a  SE
=LAS  \\$aW1606-1753$b00$c20171028$lBLL01$h1342
=SRC  \\$aBLDatasets$bstm_datasets_20110825_mrc.xml
=TCO  \\$aZZZ$c008

