=LDR  02521 ai a2200589 a 4500
=001  015876654
=003  Uk
=005  20110913111151.0
=006  m\\\\\\\\m\|\\\\\\
=007  cr\|||||||||||
=008  110825c200u9999xxuuu\d\o\\\\\0\\\a2eng\\
=024  7\$astm20100630g$2local
=040  \\$aUk$beng$cUk
=042  \\$aukblsr
=082  04$a578.012$223
=245  00$aUNEP-WCMC Species Database$h[electronic resource].
=260  \\$bUnited Nations Environment Programme (UNEP) World Conservation Monitoring Centre (WCMC)
=336  \\$atext$2rdacontent
=337  \\$acomputer$2rdamedia
=338  \\$aonline resource$2rdacarrier
=500  \\$aTitle from home page (viewed on Sept. 13, 2011).
=506  \\$aData are free to access.
=516  \\$atext/html.
=520  \\$aThe Species Database provides data on the conservation status and legislation relating to animal species. Species can be identified by country, taxa or common name. Around 73,000 animal and 141,000 plant names (including synonyms and hybrids) are available in the database.
=538  \\$aMode of access: World Wide Web.
=540  \\$aThis data is copyright to UNEP-WCMC or its collaborators. Use and reproduction of this data is authorised for educational or other non-commercial purposes without prior permission from the copyright holders.
=584  \\$aData are collated by UNEP-WCMC.
=650  \0$aSpecies$vDatabases.
=650  \0$aSpecies distribution$vDatabases.
=650  \0$aEndangered species$vDatabases.
=650  \0$aEndangered species$xLaw and legislation$vDatabases.
=653  2\$aLiving With Environmental Change
=655  \7$aDataset.$2local
=655  \7$aReference data.$2local
=655  \7$aMonitoring data.$2local
=690  7\$aResearch Datasets Collection$2blcoll
=710  2\$aUnited Nations Environment Programme.
=710  2\$aWorld Conservation Monitoring Centre.
=856  40$uhttp://www.unep-wcmc.org/isdb/Taxonomy/$yResearch Datasets Collection
=859  \\$aXLD$bdatasets
=CAT  \\$aRESDATASET$b00$c20110825$lBLL01$h1145
=CAT  \\$a7332$b40$c20110913$lBLL01$h1110
=CAT  \\$a7332$b40$c20110913$lBLL01$h1111
=CAT  \\$aBATCH-UPD$b40$c20120821$lBLL01$h1643
=CAT  \\$aBATCH-UPD$b40$c20121018$lBLL01$h1010
=CAT  \\$aWR13.117$c20130718$lBLL01$h1857
=CAT  \\$aW1606-1753$c20171028$lBLL01$h1342
=FIN  \\$aY$d20110913
=FMT  \\$a  SE
=LAS  \\$aW1606-1753$b00$c20171028$lBLL01$h1342
=SRC  \\$aBLDatasets$bstm_datasets_20110825_mrc.xml
=TCO  \\$aZZZ$c008

