=LDR  02077 ai a2200577 a 4500
=001  015876655
=003  Uk
=005  20120726090146.0
=006  m\\\\\\\\m\|\\\\\\
=007  cr\|||||||||||
=008  110825c200u9999xxuuu\d\o\\\\\0\\\a2eng\\
=024  7\$astm20110810d$2local
=040  \\$aUk$beng$cUk
=042  \\$aukblsr
=082  04$a551.22$223
=245  00$aNational Earthquake Information Center$h[electronic resource].
=246  3\$aNEIC
=260  \\$aGolden :$bNational Earthquake Information Center
=336  \\$atext$2rdacontent
=337  \\$acomputer$2rdamedia
=338  \\$aonline resource$2rdacarrier
=500  \\$aTitle from home page (viewed on Feb. 10. 2012).
=506  \\$aData are free to access.
=516  \\$atext/csv; application/vnd.google-earth.kml+xml.
=520  \\$aIncorporates the World Data Centre and Seismology.
=538  \\$aMode of access: World Wide Web.
=540  \\$aNot stated.
=584  \\$aData are generated by the USGS and can be submitted to the WDC-Seismology by researchers.
=584  \\$aAccepting data submissions: Yes.
=650  \0$aEarthquakes$zUnited States$vDatabases.
=653  2\$aSeismology.
=655  \7$aDataset.$2local
=655  \7$aLongitudinal data.$2local
=655  \7$aMonitoring data.$2local
=655  \7$aReference data.$2local
=690  7\$aResearch Datasets Collection$2blcoll
=710  2\$aGeological Survey (U.S.)
=710  2\$aNational Earthquake Information Center.
=856  40$uhttp://earthquake.usgs.gov/regional/neic/$yResearch Datasets Collection
=859  \\$aXLD$bdatasets
=CAT  \\$aRESDATASET$b00$c20110825$lBLL01$h1145
=CAT  \\$a7332$b40$c20120210$lBLL01$h0923
=CAT  \\$a7332$b40$c20120726$lBLL01$h0901
=CAT  \\$aBATCH-UPD$b40$c20120821$lBLL01$h1643
=CAT  \\$aBATCH-UPD$b40$c20121018$lBLL01$h1009
=CAT  \\$aWR13.117$c20130718$lBLL01$h1857
=CAT  \\$aW1606-1753$c20171028$lBLL01$h1342
=FMT  \\$a  SE
=LAS  \\$aW1606-1753$b00$c20171028$lBLL01$h1342
=SRC  \\$aBLDatasets$bstm_datasets_20110825_mrc.xml
=TCO  \\$aZZZ$c008

