=LDR  02022 ai a2200565 a 4500
=001  015876656
=003  Uk
=005  20120726090027.0
=006  m\\\\\\\\m\|\\\\\\
=007  cr\|||||||||||
=008  110825c200u9999ne\uu\d\o\\\\\0\\\a2eng\\
=024  7\$astm20110810e$2local
=040  \\$aUk$beng$cUk
=042  \\$aukblsr
=082  04$a631.4$223
=245  00$aWorld soil information$h[electronic resource] :$bdata download
=260  \\$aWageningen :$bISRIC
=336  \\$atext$2rdacontent
=337  \\$acomputer$2rdamedia
=338  \\$aonline resource$2rdacarrier
=500  \\$aTitle from Web page (viewed on Mar. 22, 2012).
=506  \\$aData are free to access.
=516  \\$a.dbf.
=520  \\$aIncorporates the Word Data Center for Soils (WDC-Soils).
=538  \\$aMode of access: World Wide Web.
=540  \\$aPublishers copyright.
=584  \\$aData are generated by ISRIC, and can be submitted to the World Data Center for Soils by researchers.
=584  \\$aAccepting data submissions: Yes.
=650  \0$aSoils$vDatabases.
=650  \0$aSoils$vClassification$vDatabases.
=650  \0$aSoil science$vDatabases.
=655  \7$aDataset.$2local
=655  \7$aLongitudinal data.$2local
=655  \7$aMonitoring data.$2local
=655  \7$aReference data.$2local
=690  7\$aResearch Datasets Collection$2blcoll
=710  2\$aInternational Soil Reference and Information Centre.
=856  40$uhttp://www.isric.org/data/data-download$yResearch Datasets Collection
=859  \\$aXLD$bdatasets
=CAT  \\$aRESDATASET$b00$c20110825$lBLL01$h1145
=CAT  \\$a7332$b40$c20120322$lBLL01$h0811
=CAT  \\$a7332$b40$c20120726$lBLL01$h0900
=CAT  \\$aBATCH-UPD$b40$c20120821$lBLL01$h1643
=CAT  \\$aBATCH-UPD$b40$c20121018$lBLL01$h1010
=CAT  \\$aWR13.117$c20130718$lBLL01$h1857
=CAT  \\$aW1606-1753$c20171028$lBLL01$h1342
=FMT  \\$a  SE
=LAS  \\$aW1606-1753$b00$c20171028$lBLL01$h1342
=SRC  \\$aBLDatasets$bstm_datasets_20110825_mrc.xml
=TCO  \\$aZZZ$c008

