=LDR  02860 ai a2200649 a 4500
=001  015876657
=003  Uk
=005  20110921102055.0
=006  m\\\\\\\\m\|\\\\\\
=007  cr\|||||||||||
=008  110825c19959999no\\u\d\o\\\\\0\\\a2eng\\
=024  7\$astm20100128ba$2local
=040  \\$aUk$beng$cUk
=042  \\$aukblsr
=082  04$a551.5113$223
=245  00$aWorld Data Centre for Aerosols$h[electronic resource].
=246  3\$aWDCA
=260  \\$aBrussels :$bJoint Research Centre of the European Commission,$c1995-
=260  3\$aKjeller, Norway :$bNorwegian Institute for Air Research
=336  \\$atext$2rdacontent
=337  \\$acomputer$2rdamedia
=338  \\$aonline resource$2rdacarrier
=500  \\$aTitle from home page (viewed on Sept. 7, 2011).
=506  \\$aData are free to access.
=516  \\$atext/plain.
=520  \\$aWDCA provides data on atmospheric aerosol parameters including: optical depth; light scattering, backscattering and absorption; chemistry; condensation nuclei concentration; cloud condensation nuclei concentration and aerosol size distributions. Data can be identified by browsing each data type of interest. Data can be filtered by location (country and station), project, matrix, instrument type and component. Listed data can then be restricted by date and downloaded.
=538  \\$aMode of access: World Wide Web.
=540  \\$aCreators/Contributors retain copyright.
=584  \\$aData are submitted to the WDCA by various research institutes and agencies.
=584  \\$aAccepting data submissions: Yes.
=650  \0$aAtmospheric aerosols$vObservations$vDatabases.
=650  \0$aAtmospheric chemistry$vObservations$vDatabases.
=653  2\$aLiving With Environmental Change
=655  \7$aDataset.$2local
=655  \7$aLongitudinal data.$2local
=655  \7$aMonitoring data.$2local
=655  \7$aReference data.$2local
=690  7\$aResearch Datasets Collection$2blcoll
=710  2\$aWorld Meteorological Organization.$bGlobal Atmosphere Watch.
=710  2\$aNorsk institutt for luftforskning.
=856  42$uhttp://wdca.jrc.it/$yResearch Datasets Collection
=856  40$uhttp://www.gaw-wdca.org/$yResearch Datasets Collection
=859  \\$aXLD$bdatasets
=CAT  \\$aRESDATASET$b00$c20110825$lBLL01$h1145
=CAT  \\$a7332$b40$c20110907$lBLL01$h1159
=CAT  \\$a7332$b40$c20110907$lBLL01$h1546
=CAT  \\$a7332$b40$c20110920$lBLL01$h0722
=CAT  \\$a7332$b40$c20110921$lBLL01$h1020
=CAT  \\$aBATCH-UPD$b40$c20120821$lBLL01$h1643
=CAT  \\$aBATCH-UPD$b40$c20121018$lBLL01$h1010
=CAT  \\$aWR13.117$c20130718$lBLL01$h1857
=CAT  \\$aW1606-1753$c20171028$lBLL01$h1342
=FIN  \\$aY$d20110907
=FMT  \\$a  SE
=LAS  \\$aW1606-1753$b00$c20171028$lBLL01$h1342
=SRC  \\$aBLDatasets$bstm_datasets_20110825_mrc.xml
=TCO  \\$aZZZ$c008

