=LDR  02751 ai a2200673 a 4500
=001  015876659
=003  Uk
=005  20120210154244.0
=006  m\\\\\\\\m\|\\\\\\
=007  cr\|||||||||||
=008  110825c200u9999xxcuu\d\o\\\\\0\\\a2eng\\
=024  7\$astm20100128bs$2local
=040  \\$aUk$beng$cUk
=041  0\$aeng$bfre
=042  \\$aukblsr
=082  04$a551.51$223
=245  00$aWorld Ozone and Ultraviolet Radiation Data Centre$h[electronic resource].
=246  3\$aWOUDC
=260  \\$aToronto :$bWorld Ozone and Ultraviolet Radiation Data Centre
=336  \\$atext$2rdacontent
=337  \\$acomputer$2rdamedia
=338  \\$aonline resource$2rdacarrier
=500  \\$aTitle from home page (viewed on Sept. 7, 2011).
=500  \\$a"Global archive of ground-based ozone and UV data products".
=506  \\$aData are free to access.
=516  \\$atext/csv.
=520  \\$aWOUDC provides ozone (Lidar and Ozonesonde vertical profiles; Total column ozone; Umkehr N-value and retrieved vertical profiles) and ultra violet (broad- and multi-band and spectral) data from in situ, cruise and airborne measurements. Data discovery is via FTP browse or dataset searches for parameters, locations and temporal coverage of interest.
=538  \\$aMode of access: World Wide Web.
=540  \\$aCreators/Contributors retain copyright.
=546  \\$aIn English and French.
=584  \\$aResearchers and agencies submit data to the WOUDC.
=584  \\$aAccepting data submissions: Yes.
=650  \0$aAtmospheric ozone$vObservations$vDatabases.
=650  \0$aUltraviolet radiation$vObservations$vDatabases.
=653  2\$aLiving With Environmental Change
=655  \7$aDataset.$2local
=655  \7$aLongitudinal data.$2local
=655  \7$aMonitoring data.$2local
=655  \7$aReference data.$2local
=690  7\$aResearch Datasets Collection$2blcoll
=710  1\$aCanada.$bEnvironment Canada.
=710  2\$aWorld Ozone and Ultraviolet Radiation Data Centre.
=856  40$uhttp://www.woudc.org/$yResearch Datasets Collection
=859  \\$aXLD$bdatasets
=CAT  \\$aRESDATASET$b00$c20110825$lBLL01$h1145
=CAT  \\$a7332$b40$c20110907$lBLL01$h0852
=CAT  \\$a7332$b40$c20110907$lBLL01$h0859
=CAT  \\$a7332$b40$c20110907$lBLL01$h1305
=CAT  \\$a7332$b40$c20110921$lBLL01$h1007
=CAT  \\$a7332$b40$c20120210$lBLL01$h1542
=CAT  \\$aBATCH-UPD$b40$c20120821$lBLL01$h1643
=CAT  \\$aBATCH-UPD$b40$c20121018$lBLL01$h1009
=CAT  \\$aWR13.117$c20130718$lBLL01$h1857
=CAT  \\$aW1606-1753$c20171028$lBLL01$h1342
=FIN  \\$aY$d20110907
=FMT  \\$a  SE
=LAS  \\$aW1606-1753$b00$c20171028$lBLL01$h1342
=SRC  \\$aBLDatasets$bstm_datasets_20110825_mrc.xml
=TCO  \\$aZZZ$c008

