=LDR  02451 ai a2200637 a 4500
=001  015876661
=003  Uk
=005  20111216085256.0
=006  m\\\\\\\\m\|\\\\\\
=007  cr\|||||||||||
=008  110825d2003200uenkuu\d\o\\\\\0\\\a2eng\\
=024  7\$astm20100107a$2local
=040  \\$aUk$beng$cUk
=042  \\$aukblsr
=082  04$a333.7313$223
=245  00$aBIOPRESS$h[electronic resource].
=260  \\$aMonks Wood :$bCentre for Ecology and Hydrology
=336  \\$atext$2rdacontent
=337  \\$acomputer$2rdamedia
=338  \\$aonline resource$2rdacarrier
=500  \\$aTitle from Web page (viewed on Dec. 15).
=500  \\$aData is static.
=506  \\$aUsers must register to access data.
=510  3\$uhttp://dx.doi.org/10.1080/01431160601105868
=516  \\$aapplication/pdf; application/msaccess.
=520  \\$aBIOPRESS presents Europe-wide land cover, use and biodiversity data, allowing the evaluation of the impacts of land use change on biodiversity. Data is available via a downloaded Access database, which also provides shapefiles and image data.
=522  \\$aEurope.
=538  \\$aMode of access: World Wide Web.
=540  \\$aNERC (CEH) 2006. Database rights NERC (CEH) 2006. All rights reserved.
=584  \\$aData are submitted by European partners.
=584  \\$aAccepting data submissions: No.
=650  \0$aLand use$zEurope$vDatabases.
=650  \0$aBiodiversity$zEurope$vDatabases.
=653  2\$aLiving With Environmental Change
=655  \7$aDataset.$2local
=655  \7$aObservational data.$2local
=655  \7$aMonitoring data.$2local
=655  \7$aReference data.$2local
=690  7\$aResearch Datasets Collection$2blcoll
=710  2\$aCentre for Ecology and Hydrology (Great Britain)
=710  2\$aBIOPRESS (Project)
=710  2\$aEuropean Union.
=856  40$uhttp://www.biopress.ceh.ac.uk/$yResearch Datasets Collection
=859  \\$aXLD$bdatasets
=CAT  \\$aRESDATASET$b00$c20110825$lBLL01$h1145
=CAT  \\$a7332$b40$c20111215$lBLL01$h0740
=CAT  \\$a7332$b40$c20111216$lBLL01$h0852
=CAT  \\$aBATCH-UPD$b40$c20120821$lBLL01$h1643
=CAT  \\$aBATCH-UPD$b40$c20121018$lBLL01$h1009
=CAT  \\$aWR13.117$c20130718$lBLL01$h1857
=CAT  \\$aW1606-1753$c20171028$lBLL01$h1342
=FIN  \\$aY$d20111215
=FMT  \\$a  SE
=LAS  \\$aW1606-1753$b00$c20171028$lBLL01$h1342
=SRC  \\$aBLDatasets$bstm_datasets_20110825_mrc.xml
=TCO  \\$aZZZ$c008

