=LDR  02713 ai a2200637 a 4500
=001  015876662
=003  Uk
=005  20111110125122.0
=006  m\\\\\\\\m\|\\\\\\
=007  cr\|||||||||||
=008  110825d19782007enkuu\d\o\\\\\0\\\a2eng\\
=024  7\$astm20100107b$2local
=040  \\$aUk$beng$cUk
=042  \\$aukblsr
=082  04$a577.0941$223
=245  00$aCountryside survey 2007$h[electronic resource].
=246  3\$aCS2007
=260  \\$aBailrigg :$bCountryside Survey Project
=336  \\$atext$2rdacontent
=337  \\$acomputer$2rdamedia
=338  \\$aonline resource$2rdacarrier
=500  \\$aTitle from home page (viewed on Nov. 10, 2011).
=500  \\$aData is static.
=506  \\$aUsers must register to access data.
=516  \\$atext/csv; text/html; .ccf (census data); .csf (sample data); .rgn (region data).
=518  \\$a1978-2007.
=520  \\$aThe Countryside Survey 2007 compares countryside land cover, use and ecology data with similar surveys in 1998, 1990, 1984 and 1978. Data can be downloaded per UK country across several datasets. Summary data can be viewed in tabular and graphical format on the website. 17 datasets are available to use with the Countryside Information System, a specific programme for viewing UK countryside datasets.
=522  \\$aUnited Kingdom.
=538  \\$aMode of access: World Wide Web.
=540  \\$aDatabase Right/Copyright NERC - Centre for Ecology and Hydrology. All rights reserved.
=584  \\$aData was collected by the Centre for Ecology and Hydrology.
=584  \\$aAccepting data submissions: No.
=650  \0$aEcological surveys$zGreat Britain$vDatabases.
=650  \0$aEcology$xFieldwork$zGreat Britain$vDatabases.
=651  \0$aGreat Britain$vSurveys$vDatabases.
=653  2\$aLiving With Environmental Change
=655  \7$aDataset.$2local
=655  \7$aObservational data.$2local
=655  \7$aMonitoring data.$2local
=655  \7$aReference data.$2local
=690  7\$aResearch Datasets Collection$2blcoll
=710  2\$aCountryside Survey (Project)
=856  40$uhttp://www.countrysidesurvey.org.uk/data-access$yResearch Datasets Collection
=859  \\$aXLD$bdatasets
=CAT  \\$aRESDATASET$b00$c20110825$lBLL01$h1145
=CAT  \\$a7332$b40$c20111110$lBLL01$h0911
=CAT  \\$a7332$b40$c20111110$lBLL01$h1251
=CAT  \\$aBATCH-UPD$b40$c20120821$lBLL01$h1643
=CAT  \\$aBATCH-UPD$b40$c20121018$lBLL01$h1010
=CAT  \\$aWR13.117$c20130718$lBLL01$h1857
=CAT  \\$aW1606-1753$c20171028$lBLL01$h1342
=FIN  \\$aY$d20111110
=FMT  \\$a  SE
=LAS  \\$aW1606-1753$b00$c20171028$lBLL01$h1342
=SRC  \\$aBLDatasets$bstm_datasets_20110825_mrc.xml
=TCO  \\$aZZZ$c008

