=LDR  02764 ai a2200625 a 4500
=001  015876665
=003  Uk
=005  20110920101631.0
=006  m\\\\\\\\m\|\\\\\\
=007  cr\|||||||||||
=008  110825c200u9999at\uu\d\o\\\\\0\\\a2eng\\
=024  7\$astm20100107e$2local
=040  \\$aUk$beng$cUk
=042  \\$aukblsr
=082  04$a578.680994$223
=245  00$aSpecies profile and threats database$h[electronic resource].
=246  3\$aSPRAT
=260  \\$aCanberra :$bAustralian Government, Department of Sustainability, Environment, Water, Population and Communities
=336  \\$atext$2rdacontent
=337  \\$acomputer$2rdamedia
=338  \\$aonline resource$2rdacarrier
=500  \\$aTitle from home page (viewed on Sept. 20, 2011).
=506  \\$aData are free to access.
=516  \\$atext/html; text/csv; application/msexcel.
=520  \\$aSPRAT collects data on Australian species and communities protected by the Environment Protection and Biodiversity Conservation Act 1999. This includes species features, habitat, distribution, conservation status and threats. Data can be viewed online or downloaded to CSV or Excel.
=522  \\$aAustralia.
=538  \\$aMode of access: World Wide Web.
=540  \\$aThis material is copyright Commonwealth of Australia, except where otherwise indicated. Apart from any use as permitted under the Copyright Act 1968 , all other rights are reserved.
=584  \\$aData are collected by SPRAT.
=584  \\$aAccepting data submissions: No.
=650  \0$aEndangered ecosystems$zAustralia$vDatabases.
=650  \0$aEndangered species$zAustralia$vDatabases.
=650  \0$aHabitat (Ecology)$zAustralia$vDatabases.
=653  2\$aLiving With Environmental Change
=655  \7$aDataset.$2local
=655  \7$aMonitoring data.$2local
=655  \7$aReference data.$2local
=690  7\$aResearch Datasets Collection$2blcoll
=710  1\$aAustralia.$bDepartment of Sustainability, Environment, Water, Population, and Communities.
=856  40$uhttp://www.environment.gov.au/cgi-bin/sprat/public/sprat.pl$yResearch Datasets Collection
=859  \\$aXLD$bdatasets
=985  \\$aRecord amended for WR# 13/070
=CAT  \\$aRESDATASET$b00$c20110825$lBLL01$h1145
=CAT  \\$a7332$b40$c20110920$lBLL01$h1016
=CAT  \\$aBATCH-UPD$b40$c20110920$lBLL01$h1017
=CAT  \\$aBATCH-UPD$b40$c20120821$lBLL01$h1643
=CAT  \\$aBATCH-UPD$b40$c20121018$lBLL01$h1009
=CAT  \\$aWR13_070$b00$c20130504$lBLL01$h0333
=CAT  \\$aWR13.117$c20130718$lBLL01$h1857
=CAT  \\$aW1606-1753$c20171028$lBLL01$h1342
=FIN  \\$aY$d20110920
=FMT  \\$a  SE
=LAS  \\$aW1606-1753$b00$c20171028$lBLL01$h1342
=SRC  \\$aBLDatasets$bstm_datasets_20110825_mrc.xml
=TCO  \\$aZZZ$c008

