=LDR  02641 ai a2200601 a 4500
=001  015876666
=003  Uk
=005  20111103091610.0
=006  m\\\\\\\\m\|\\\\\\
=007  cr\|||||||||||
=008  110825c200u9999at\uu\w\o\\\\\0\\\a2eng\\
=024  7\$astm20100107f$2local
=040  \\$aUk$beng$cUk
=042  \\$aukblsr
=082  04$a333.950994$223
=245  00$aABRS databases and online resources$h[electronic resource].
=260  \\$a[Canberra] :$bAustralian Government, Department of Sustainability, Environment, Water, Population and Communities
=336  \\$atext$2rdacontent
=337  \\$acomputer$2rdamedia
=338  \\$aonline resource$2rdacarrier
=500  \\$aTitle from home page (viewed on Nov. 3, 2011).
=506  \\$aData are free to access.
=510  3\$uhttp://dx.doi.org/10.1016/S0020-7519(98)00050-2
=516  \\$atext/html.
=520  \\$aThe ABRS provides data on species known to occur in Australia. These are browsed by group (algae, bryophyte, fauna, flora, fungi, lichen and protist) or resources can be browsed alphabetically. These are created from data collected by separate databases.
=522  \\$aAustralia.
=538  \\$aMode of access: World Wide Web.
=540  \\$aThis material is copyright Commonwealth of Australia, except where otherwise indicated. Apart from any use as permitted under the Copyright Act 1968, all other rights are reserved.
=584  \\$aData are collected by ABRS.
=584  \\$aAccepting data submissions: No.
=650  \0$aBiodiversity$zAustralia$vDatabases.
=653  2\$aLiving With Environmental Change
=655  \7$aDataset.$2local
=655  \7$aObservational data.$2local
=655  \7$aReference data.$2local
=690  7\$aResearch Datasets Collection$2blcoll
=710  1\$aAustralia.$bDepartment of Sustainability, Environment, Water, Population, and Communities.
=710  2\$aAustralian Biological Resources Study.
=856  40$uhttp://www.environment.gov.au/biodiversity/abrs/online-resources/index.html$yResearch Datasets Collection
=859  \\$aXLD$bdatasets
=985  \\$aRecord amended for WR# 13/070
=CAT  \\$aRESDATASET$b00$c20110825$lBLL01$h1145
=CAT  \\$a7332$b40$c20111103$lBLL01$h0916
=CAT  \\$aBATCH-UPD$b40$c20120821$lBLL01$h1643
=CAT  \\$aBATCH-UPD$b40$c20121018$lBLL01$h1009
=CAT  \\$aWR13_070$b00$c20130504$lBLL01$h0333
=CAT  \\$aWR13.117$c20130718$lBLL01$h1857
=CAT  \\$aW1606-1753$c20171028$lBLL01$h1342
=FIN  \\$aY$d20111103
=FMT  \\$a  SE
=LAS  \\$aW1606-1753$b00$c20171028$lBLL01$h1342
=SRC  \\$aBLDatasets$bstm_datasets_20110825_mrc.xml
=TCO  \\$aZZZ$c008

