=LDR  01859 ai a2200529 a 4500
=001  015876668
=003  Uk
=005  20120315142749.0
=006  m\\\\\\\\m\|\\\\\\
=007  cr\|||||||||||
=008  110825c200u9999enkuu\d\o\\\\\0\\\a2eng\\
=024  7\$astm20100128e$2local
=040  \\$aUk$beng$cUk
=042  \\$aukblsr
=082  04$a912.42$223
=245  00$aGeoIndex$h[electronic resource].
=260  \\$a[Great Britain] :$bBritish Geological Survey (BGS)
=336  \\$atext$2rdacontent
=337  \\$acomputer$2rdamedia
=338  \\$aonline resource$2rdacarrier
=500  \\$aTitle from home page (viewed on Mar. 15, 2012).
=506  \\$aThis is a purchase product, users must pay for access.
=520  \\$aGeoIndex allows users to search for information about BGS data collections covering the UK and other areas world wide.
=522  \\$aUnited Kingdom (nation).
=538  \\$aMode of access: World Wide Web.
=540  \\$aNot stated.
=584  \\$aAccepting data submissions: no.
=651  \0$aGreat Britain$xMaps$vDatabases.
=653  2\$aFlooding
=655  \7$aDataset.$2local
=655  \7$aReference data.$2local
=655  \7$aMonitoring data.$2local
=690  7\$aResearch Datasets Collection$2blcoll
=710  2\$aBritish Geological Survey.
=856  40$uhttp://www.bgs.ac.uk/GeoIndex/$yResearch Datasets Collection
=859  \\$aXLD$bdatasets
=CAT  \\$aRESDATASET$b00$c20110825$lBLL01$h1145
=CAT  \\$a7332$b40$c20120315$lBLL01$h1427
=CAT  \\$aBATCH-UPD$b40$c20120821$lBLL01$h1643
=CAT  \\$aBATCH-UPD$b40$c20121018$lBLL01$h1009
=CAT  \\$aWR13.117$c20130718$lBLL01$h1857
=CAT  \\$aW1606-1753$c20171028$lBLL01$h1342
=FIN  \\$aY$d20120315
=FMT  \\$a  SE
=LAS  \\$aW1606-1753$b00$c20171028$lBLL01$h1342
=SRC  \\$aBLDatasets$bstm_datasets_20110825_mrc.xml
=TCO  \\$aZZZ$c008

