=LDR  02798 ai a2200613 a 4500
=001  015876669
=003  Uk
=005  20120202080110.0
=006  m\\\\\\\\m\|\\\\\\
=007  cr\|||||||||||
=008  110825c200u9999enkuu\d\o\\\\\0\\\a2eng\\
=024  7\$astm20100128a$2local
=040  \\$aUk$beng$cUk
=041  0\$aeng$awel
=042  \\$aukblsr
=082  04$a551.4830941
=245  00$aNational river flow archive$h[electronic resource].
=246  3\$aNRFA
=260  \\$a[Wallingford] :$bCentre for Ecology and Hydrology
=336  \\$atext$2rdacontent
=337  \\$acomputer$2rdamedia
=338  \\$aonline resource$2rdacarrier
=500  \\$aTitle from home page (viewed on Feb. 2, 2012).
=506  \\$aMostly free to access, some data require payment.
=516  \\$atext/csv.
=518  \\$a1879-05-12/2008-12-31.
=520  \\$aTime series of gauged daily flow, naturalised daily flow and monthly catchment rainfall data are available for 1455 gauging stations across the UK. Data is available freely online for just over 200 stations, the remaining data must be requested. Requests are free for academic users. As well as the time series, further information about each station is also available, including spatial details such as local geology, land cover, catchment area and grid reference, and station history and factors effecting flow measurements. Each station record also details the dates for which data are available. Online data are all downloaded in CSV format.
=522  \\$aUnited Kingdom.
=538  \\$aMode of access: World Wide Web.
=540  \\$aNot stated.
=546  \\$aInterface in English and Welsh.
=584  \\$aData are collected from gauging stations of the NRFA, Environment Agency, Scottish Environment Protection Agency and Rivers Agency.
=584  \\$aAccepting data submissions: No.
=650  \0$aStream measurements$zGreat Britain$vDatabases.
=650  \0$aHydrology$zGreat Britain$vDatabases.
=653  2\$aFlooding
=655  \7$aDataset.$2local
=655  \7$aMonitoring data.$2local
=655  \7$aReference data.$2local
=690  7\$aResearch Datasets Collection$2blcoll
=710  2\$aCentre for Ecology and Hydrology (Great Britain)
=856  40$uhttp://www.ceh.ac.uk/data/nrfa/index.html$yResearch Datasets Collection
=859  \\$aXLD$bdatasets
=CAT  \\$aRESDATASET$b00$c20110825$lBLL01$h1145
=CAT  \\$a7332$b40$c20120202$lBLL01$h0801
=CAT  \\$aBATCH-UPD$b40$c20120821$lBLL01$h1643
=CAT  \\$aBATCH-UPD$b40$c20121018$lBLL01$h1009
=CAT  \\$aWR13.117$c20130718$lBLL01$h1857
=CAT  \\$aW1606-1753$c20171028$lBLL01$h1342
=FIN  \\$aY$d20120202
=FMT  \\$a  SE
=LAS  \\$aW1606-1753$b00$c20171028$lBLL01$h1342
=SRC  \\$aBLDatasets$bstm_datasets_20110825_mrc.xml
=TCO  \\$aZZZ$c008

