=LDR  02476 ai a2200601 a 4500
=001  015876670
=003  Uk
=005  20121024084153.0
=006  m\\\\\\\\m\|\\\\\\
=007  cr\|||||||||||
=008  110825c200u9999enkuu\d\o\\\\\0\\\a2eng\\
=024  7\$astm20100128bt$2local
=040  \\$aUk$beng$cUk$dUk
=042  \\$aukblsr
=082  04$a333.79110941$223
=245  00$aUKERC Energy Data Centre$h[electronic resource].
=260  \\$aLondon :$bUK Energy Research Centre
=336  \\$atext$2rdacontent
=337  \\$acomputer$2rdamedia
=338  \\$aonline resource$2rdacarrier
=500  \\$aTitle from home page (viewed on Sept. 13, 2011).
=506  \\$aData are free to access.
=516  \\$aapplication/msexcel; text/csv.
=520  \\$aThe Energy Data Centre provides a small number of datasets collected on aspects of energy in the UK, including energy use (appliance ownership and electricity consumption), electricity production costs and wind capacity. Data are all openly available for download. The site also provides a register of UK energy-related research, awards and projects.
=538  \\$aMode of access: World Wide Web.
=540  \\$aCreators/Contributors retain copyright.
=584  \\$aData is collated by UKERC or submitted by researchers.
=584  \\$aAccepting data submissions: Yes.
=650  \0$aPower resources$zGreat Britain$vDatabases.
=650  \0$aEnergy consumption$zGreat Britain$vDatabases.
=650  \0$aElectric power production$zGreat Britain$vDatabases.
=650  \0$aWind power$zGreat Britain$vDatabases.
=653  2\$aLiving With Environmental Change
=655  \7$aDataset.$2local
=655  \7$aMetadata.$2local
=655  \7$aMonitoring data.$2local
=655  \7$aReference data.$2local
=690  7\$aResearch Datasets Collection$2blcoll
=710  2\$aUKERC (Organization)
=856  40$uhttp://ukedc.rl.ac.uk/data.html$yResearch Datasets Collection
=859  \\$aXLD$bdatasets
=CAT  \\$aRESDATASET$b00$c20110825$lBLL01$h1145
=CAT  \\$a7332$b40$c20110915$lBLL01$h0737
=CAT  \\$aBATCH-UPD$b40$c20120821$lBLL01$h1643
=CAT  \\$aBATCH-UPD$b40$c20121018$lBLL01$h1010
=CAT  \\$a7332$b40$c20121024$lBLL01$h0841
=CAT  \\$aWR13.117$c20130718$lBLL01$h1857
=CAT  \\$aW1606-1753$c20171028$lBLL01$h1342
=FIN  \\$aY$d20110915
=FMT  \\$a  SE
=LAS  \\$aW1606-1753$b00$c20171028$lBLL01$h1342
=SRC  \\$aBLDatasets$bstm_datasets_20110825_mrc.xml
=TCO  \\$aZZZ$c008

