=LDR  04064 ai a2200757 a 4500
=001  015876671
=003  Uk
=005  20140115131317.0
=006  m\\\\\\\\m\|\\\\\\
=007  cr\|||||||||||
=008  110825c200u9999xxcuu\d\o\\\\\0\\\a2eng\\
=024  7\$astm20100128bu$2local
=040  \\$aUk$beng$cUk$dUk
=041  0\$aeng$afre
=042  \\$aukblsr
=082  04$a551.465$223
=245  00$aHydrographic climate database$h[electronic resource].
=246  1\$iFrench interface title:$aBase de Donnes Climatiques Hydrographique
=260  \\$aDartmouth :$bBedford Institute of Oceanography.
=336  \\$atext$2rdacontent
=337  \\$acomputer$2rdamedia
=338  \\$aonline resource$2rdacarrier
=500  \\$aTitle from home page (viewed on January 15, 2014).
=506  \\$aUsers must register to access data.
=510  3\$uhttp://www.dfo-mpo.gc.ca/csas/csas/publications/resdocs-docrech/2004/2004_075_e.htm#http://www.dfo-mpo.gc.ca/csas/csas/publications/resdocs-docrech/2004/2004_075_e.htm#
=516  \\$aBespoke software.
=518  \\$d1910-.
=520  \\$aThe Hydrographic Climate Database provides temperature and salinity data covering the Northwest Atlantic and Eastern Arctic that has been collected using hydrographic bottles, CTD casts, profiling floats, spatially and temporally averaged Batfish tows, and expendable, digital or mechanical bathythermographs. Includes near-real-time data from the Global Telecommunications System (GTS). Data are queried using an online application by location or time period.
=520  \\$aThe Hydrographic Climate Database provides temperature and salinity data covering the Northwest Atlantic and Eastern Arctic that has been collected using hydrographic bottles, CTD casts, profiling floats, spatially and temporally averaged Batfish tows, and expendable, digital or mechanical bathythermographs. Includes near-real-time data from the Global Telecommunications System (GTS). Data are queried using an online application by location or time period. To access the Hydrographic database, navigate to Run database query from the left-hand menu, and select Hydrographic from the available options.
=522  \\$a42,-100W, 35, -80N.
=538  \\$aode of access: World Wide Web.
=540  \\$aNot stated.
=546  \\$aInterface in English and French.
=584  \\$aData are collated by the DFO.
=584  \\$aAccepting data submissions: No.
=650  \0$aOcean temperature$zArctic Ocean$vObservations$vDatabases.
=650  \0$aOcean temperature$zNorth Atlantic Ocean$vObservations$vDatabases.
=650  \0$aOceanography$xResearch$zArctic Ocean$vDatabases.
=650  \0$aOceanography$xResearch$zNorth Atlantic Ocean$vDatabases.
=650  \0$aSalinity$zArctic Ocean$vObservations$vDatabases.
=650  \0$aSalinity$zNorth Atlantic Ocean$vObservations$vDatabases.
=650  \0$aSeawater$zArctic Ocean$vObservations$vDatabases.
=650  \0$aSeawater$zNorth Atlantic Ocean$vObservations$vDatabases.
=653  2\$aLiving With Environmental Change
=655  \7$aDataset.$2local
=655  \7$aLongitudinal data.$2local
=655  \7$aMonitoring data.$2local
=655  \7$aReference data.$2local
=690  7\$aResearch Datasets Collection$2blcoll
=710  2\$aBedford Institute of Oceanography.
=856  40$uhttp://www.bio.gc.ca/science/data-donnees/base/data-donnees/climate-climat-eng.php$yResearch Datasets Collection
=859  \\$aXLD$bdatasets
=985  \\$aRecord amended for WR# 13/070
=CAT  \\$aRESDATASET$b00$c20110825$lBLL01$h1145
=CAT  \\$a7332$b40$c20111102$lBLL01$h0758
=CAT  \\$aBATCH-UPD$b40$c20120821$lBLL01$h1643
=CAT  \\$aBATCH-UPD$b40$c20121018$lBLL01$h1009
=CAT  \\$aWR13_070$b00$c20130504$lBLL01$h0333
=CAT  \\$aWR13.117$c20130718$lBLL01$h1857
=CAT  \\$a7332$b40$c20140115$lBLL01$h1313
=CAT  \\$aW1606-1753$c20171028$lBLL01$h1342
=FIN  \\$aY$d20111102
=FMT  \\$a  SE
=LAS  \\$aW1606-1753$b00$c20171028$lBLL01$h1342
=SRC  \\$aBLDatasets$bstm_datasets_20110825_mrc.xml
=TCO  \\$aZZZ$c008

