=LDR  02218 ai a2200565 a 4500
=001  015876674
=003  Uk
=005  20130425081545.0
=006  m\\\\\\\\m\|\\\\\\
=007  cr\|||||||||||
=008  110825c200u9999xx\fr\d\o\\\\\0\\\a2eng\\
=024  7\$astm20100128bz$2local
=040  \\$aUk$beng$cUk$dUk
=042  \\$aukblsr
=082  04$a551.46$223
=245  00$aMyOcean$h[electronic resource].
=260  \\$a[S.l.] :$bGlobal Monitoring for Environment and Security
=310  \\$aSemiannual
=336  \\$atext$2rdacontent
=337  \\$acomputer$2rdamedia
=338  \\$aonline resource$2rdacarrier
=500  \\$aTitle from home page (viewed on Dec. 15, 2011).
=506  \\$aUsers must register to access data.
=516  \\$atext/html.
=520  \\$aThe Interactive Catalogue allows users to search for modelled data or observational data that cover temperature, wind, pressure, currents, sea ice, salinity and biogeochemistry. Data were generated in situ or by remote sensing and have a global coverage. Users may be required to request permission to access some data.
=538  \\$aMode of access: World Wide Web.
=540  \\$aNot stated.
=584  \\$aAccepting data submissions: No.
=650  \0$aOceanography$vObservations$vDatabases.
=653  2\$aLiving With Environmental Change
=655  \7$aDataset.$2local
=655  \7$aMetadata.$2local
=655  \7$aMonitoring data.$2local
=655  \7$aReference data.$2local
=690  7\$aResearch Datasets Collection$2blcoll
=710  2\$aGlobal Monitoring for Environment and Security (Project)
=856  40$uhttp://www.myocean.eu/web/24-catalogue.php$yResearch Datasets Collection
=859  \\$aXLD$bdatasets
=CAT  \\$aRESDATASET$b00$c20110825$lBLL01$h1145
=CAT  \\$a7332$b40$c20111215$lBLL01$h0843
=CAT  \\$aBATCH-UPD$b40$c20120821$lBLL01$h1643
=CAT  \\$aBATCH-UPD$b40$c20121018$lBLL01$h1009
=CAT  \\$a7332$b40$c20130425$lBLL01$h0815
=CAT  \\$aWR13.117$c20130718$lBLL01$h1857
=CAT  \\$aW1606-1753$c20171028$lBLL01$h1342
=FIN  \\$aY$d20111215
=FMT  \\$a  SE
=LAS  \\$aW1606-1753$b00$c20171028$lBLL01$h1342
=SRC  \\$aBLDatasets$bstm_datasets_20110825_mrc.xml
=TCO  \\$aZZZ$c008

