=LDR  02557 ai a2200601 a 4500
=001  015876675
=003  Uk
=005  20111215103011.0
=006  m\\\\\\\\m\|\\\\\\
=007  cr\|||||||||||
=008  110825c200u9999enkuu\d\o\\\\\0\\\a2eng\\
=024  7\$astm20100804d$2local
=040  \\$aUk$beng$cUk
=042  \\$aukblsr
=082  04$a333.95160941$223
=245  00$aSpatial and summary data for UK SPAs$h[electronic resource].
=246  3\$aUK SPA data
=260  \\$aPeterborough :$bJoint Nature Conservation Committee
=336  \\$atext$2rdacontent
=337  \\$acomputer$2rdamedia
=338  \\$aonline resource$2rdacarrier
=500  \\$aTitle from home page (viewed on Dec. 15, 2011).
=506  \\$aData are free to access.
=516  \\$aapplication/msexcel; ArcView shapefiles.
=520  \\$aProvides data on protected areas in the UK, including Sites of Special Scientific Interest (SSSIs). Data on each site includes local authority, area of coverage, coordinates and grid references, date the site was classified, site management practices, bird occurrences and populations, habitat types and coverage per site and physical characteristics (geology/soil). These are available in a single Excel file and GIS data for SPAs is also provided.
=522  \\$aUnited Kingdom.
=538  \\$aMode of access: World Wide Web.
=540  \\$aNot stated.
=584  \\$aData are collated by the JNCC.
=584  \\$aAccepting data submissions: No.
=650  \0$aProtected areas$zGreat Britain$vDatabases.
=650  \0$aBiodiversity$zGreat Britain$vDatabases.
=650  \0$aLandscape protection$zGreat Britain$vDatabases.
=650  \0$aNatural areas$zGreat Britain$vDatabases.
=653  2\$aLiving With Environmental Change
=655  \7$aDataset.$2local
=655  \7$aReference data.$2local
=655  \7$aMonitoring data.$2local
=690  7\$aResearch Datasets Collection$2blcoll
=710  2\$aJoint Nature Conservation Committee (Great Britain)
=856  40$uhttp://www.jncc.gov.uk/page-1409$yResearch Datasets Collection
=859  \\$aXLD$bdatasets
=CAT  \\$aRESDATASET$b00$c20110825$lBLL01$h1145
=CAT  \\$a7332$b40$c20111215$lBLL01$h1030
=CAT  \\$aBATCH-UPD$b40$c20120821$lBLL01$h1643
=CAT  \\$aBATCH-UPD$b40$c20121018$lBLL01$h1010
=CAT  \\$aWR13.117$c20130718$lBLL01$h1857
=CAT  \\$aW1606-1753$c20171028$lBLL01$h1342
=FIN  \\$aY$d20111215
=FMT  \\$a  SE
=LAS  \\$aW1606-1753$b00$c20171028$lBLL01$h1342
=SRC  \\$aBLDatasets$bstm_datasets_20110825_mrc.xml
=TCO  \\$aZZZ$c008

