=LDR  02489 ai a2200589 a 4500
=001  015876677
=003  Uk
=005  20111215135917.0
=006  m\\\\\\\\m\|\\\\\\
=007  cr\|||||||||||
=008  110825c200u9999enkuu\d\o\\\\\0\\\a2eng\\
=024  7\$astm20100804a$2local
=040  \\$aUk$beng$cUk
=042  \\$aukblsr
=082  04$a578.779$223
=245  00$aChEssBase$h[electronic resource].
=260  \\$aSouthampton :$bNational Oceanography Centre
=336  \\$atext$2rdacontent
=337  \\$acomputer$2rdamedia
=338  \\$aonline resource$2rdacarrier
=500  \\$aTitle from Web page (viewed on Dec. 15, 2011).
=506  \\$aData are free to access.
=516  \\$aapplication/vnd.google-earth.kml+xml; text/html; application/msexcel.
=520  \\$aProvides data on deep-water chemosynthetic habitats, such as hydrothermal vents, whale and wood falls, cold seeps and areas of minimum oxygen that intersect with the continental margin or seamounts. Parameters include information on species observed, geological data on sites and distributions. Data can be downloaded in Excel or Google Earth KML files. Data can be queried by species, water depth, location or habitat type.
=538  \\$aMode of access: World Wide Web.
=540  \\$aNot stated.
=584  \\$aData are extracted from the literature.
=584  \\$aAccepting data submissions: No.
=650  \0$aHydrothermal vent animals$vDatabases.
=650  \0$aSeamount animals$vDatabases.
=650  \0$aHydrothermal vent ecology$vDatabases.
=650  \0$aAbyssal zone$vDatabases.
=650  \0$aSubmarine geology$vDatabases.
=653  2\$aLiving With Environmental Change
=655  \7$aDataset.$2local
=655  \7$aReference data.$2local
=655  \7$aObservational data.$2local
=690  7\$aResearch Datasets Collection$2blcoll
=710  2\$aNational Oceanography Centre, Southampton.
=856  40$uhttp://www.noc.soton.ac.uk/chess/database/db_agree.php$yResearch Datasets Collection
=859  \\$aXLD$bdatasets
=CAT  \\$aRESDATASET$b00$c20110825$lBLL01$h1145
=CAT  \\$a7332$b40$c20111215$lBLL01$h1359
=CAT  \\$aBATCH-UPD$b40$c20120821$lBLL01$h1643
=CAT  \\$aBATCH-UPD$b40$c20121018$lBLL01$h1010
=CAT  \\$aWR13.117$c20130718$lBLL01$h1857
=CAT  \\$aW1606-1753$c20171028$lBLL01$h1342
=FIN  \\$aY$d20111215
=FMT  \\$a  SE
=LAS  \\$aW1606-1753$b00$c20171028$lBLL01$h1342
=SRC  \\$aBLDatasets$bstm_datasets_20110825_mrc.xml
=TCO  \\$aZZZ$c008

