=LDR  02396 ai a2200565 a 4500
=001  015876678
=003  Uk
=005  20111214091437.0
=006  m\\\\\\\\m\|\\\\\\
=007  cr\|||||||||||
=008  110825c200u9999enkuu\d\o\\\\\0\\\a2eng\\
=024  7\$astm20100804f$2local
=040  \\$aUk$beng$cUk
=042  \\$aukblsr
=082  04$a591.77$223
=245  00$aScientific and environmental ROV partnership using existing industrial technology$h[electronic resource].
=246  3\$aSERPENT
=260  \\$aSouthampton :$bNational Oceanography Centre
=336  \\$atext$2rdacontent
=337  \\$acomputer$2rdamedia
=338  \\$aonline resource$2rdacarrier
=500  \\$aTitle from home page (viewed on Dec. 14, 2011).
=506  \\$aData are free to access.
=516  \\$aimage/jpg; video/quicktime.
=520  \\$aProvides images and movies, specifically of marine life, recorded using underwater Remotely Operated Vehicles (ROVs). The date, time and location of each recording is given. Records can be browsed by classification, species, site, country or rig/vessel and an advanced search can query by those terms or creator, description, date, behaviour, habitat and ROV.
=538  \\$aMode of access: World Wide Web.
=540  \\$aImages and Video on this site are copyright by the SERPENT Project (C) 2003 - 2010 under a Creative Commons Licence (CC-BY-NC-ND).
=584  \\$aData created by the SERPENT project or partners.
=584  \\$aAccepting data submissions: No.
=650  \0$aMarine animals$vDatabases.
=653  2\$aLiving With Environmental Change
=655  \7$aDataset.$2local
=655  \7$aRecordings.$2local
=655  \7$aMonitoring data.$2local
=655  \7$aReference data.$2local
=690  7\$aResearch Datasets Collection$2blcoll
=710  2\$aSERPENT (Project)
=856  40$uhttp://archive.serpentproject.com/$yResearch Datasets Collection
=859  \\$aXLD$bdatasets
=CAT  \\$aRESDATASET$b00$c20110825$lBLL01$h1145
=CAT  \\$a7332$b40$c20111214$lBLL01$h0914
=CAT  \\$aBATCH-UPD$b40$c20120821$lBLL01$h1643
=CAT  \\$aBATCH-UPD$b40$c20121018$lBLL01$h1010
=CAT  \\$aWR13.117$c20130718$lBLL01$h1857
=CAT  \\$aW1606-1753$c20171028$lBLL01$h1342
=FIN  \\$aY$d20111214
=FMT  \\$a  SE
=LAS  \\$aW1606-1753$b00$c20171028$lBLL01$h1342
=SRC  \\$aBLDatasets$bstm_datasets_20110825_mrc.xml
=TCO  \\$aZZZ$c008

