=LDR  02543 ai a2200649 a 4500
=001  015876680
=003  Uk
=005  20131002075220.0
=006  m\\\\\\\\m\|\\\\\\
=007  cr\|||||||||||
=008  110825c200u9999fr\uu\d\o\\\\\0\\\a2eng\\
=024  7\$astm20110114b$2local
=040  \\$aUk$beng$cUk$dUk
=041  0\$aeng$afre
=042  \\$aukblsr
=082  04$a551.46$223
=245  00$aAltimetric data products$h[electronic resource].
=246  1\$iFrench interface title:$aLes produits altimeÌtriques
=260  \\$aRamonville St-Agne :$bAviso
=336  \\$atext$2rdacontent
=337  \\$acomputer$2rdamedia
=338  \\$aonline resource$2rdacarrier
=500  \\$aTitle from home page (viewed on Feb. 2, 2012).
=506  \\$aMostly free to access, some data require paid subscription.
=520  \\$aSatellite oceanographic data can be selected from the drop down or searched to access data on sea surface height, winds and waves. Some data may require subscription or registration. Large datasets are accessed via FTP or may be requested on CD/DVD.
=538  \\$aMode of access: World Wide Web.
=540  \\$aNot stated.
=546  \\$aInterface in English and French
=584  \\$aAccepting data submissions: no.
=650  \0$aOcean surface topography$vDatabases.
=650  \0$aOcean waves$xMeasurement$vDatabases.
=650  \0$aWinds$xMeasurement$vDatabases.
=650  \0$aOceanography$xRemote sensing$vDatabases.
=653  2\$aFlooding
=655  \7$aDataset.$2local
=655  \7$aObservational data.$2local
=655  \7$aMonitoring data.$2local
=655  \7$aReference data.$2local
=690  7\$aResearch Datasets Collection$2blcoll
=710  2\$aCentre national d'eÌtudes spatiales (France)
=710  2\$aCollecte Localisation Satellites.
=856  40$uhttp://www.aviso.oceanobs.com/en/data/products/index.html$yResearch Datasets Collection
=859  \\$aXLD$bdatasets
=CAT  \\$aRESDATASET$b00$c20110825$lBLL01$h1145
=CAT  \\$a7332$b40$c20120202$lBLL01$h1614
=CAT  \\$a7332$b40$c20120228$lBLL01$h0908
=CAT  \\$aBATCH-UPD$b40$c20120821$lBLL01$h1643
=CAT  \\$aBATCH-UPD$b40$c20121018$lBLL01$h1009
=CAT  \\$aWR13.117$c20130718$lBLL01$h1857
=CAT  \\$a7332$b40$c20131002$lBLL01$h0752
=CAT  \\$aBATCH-UPD$b40$c20131204$lBLL01$h2036
=CAT  \\$aW1606-1753$c20171028$lBLL01$h1342
=FIN  \\$aY$d20120202
=FMT  \\$a  SE
=LAS  \\$aW1606-1753$b00$c20171028$lBLL01$h1342
=SRC  \\$aBLDatasets$bstm_datasets_20110825_mrc.xml
=TCO  \\$aZZZ$c008

