=LDR  02307 ai a2200601 a 4500
=001  015876681
=003  Uk
=005  20111123103354.0
=006  m\\\\\\\\m\|\\\\\\
=007  cr\|||||||||||
=008  110825c200u9999xxuuu\d\o\\\\\0\\\a2eng\\
=024  7\$astm20100128cc$2local
=040  \\$aUk$beng$cUk
=042  \\$aukblsr
=082  04$a551.31$223
=245  04$aThe Cryosphere Today$h[electronic resource].
=260  \\$aChampaign, Ill. :$bUniversity of Illinois, Department of Atmospheric Sciences
=336  \\$atext$2rdacontent
=337  \\$acomputer$2rdamedia
=338  \\$aonline resource$2rdacarrier
=500  \\$aTitle from home page (viewed on Sept. 14, 2011).
=506  \\$aData are free to access.
=516  \\$aimage/png.
=518  \\$a01/11/1978-.
=520  \\$aHolds images of daily ice coverage and sea ice concentration for the Arctic and Antarctic. Regional data is also available. Data of interest can be identified by browsing the data chronologically.
=538  \\$aMode of access: World Wide Web.
=540  \\$aNot stated.
=584  \\$aData provided by the National Center for Environmental Prediction/NOAA.
=584  \\$aAccepting data submissions: No.
=650  \0$aCryosphere$vDatabases.
=650  \0$aSea ice$vDatabases.
=653  2\$aLiving With Environmental Change
=655  \7$aDataset.$2local
=655  \7$aObservational data.$2local
=655  \7$aRecordings.$2local
=655  \7$aReference data.$2local
=690  7\$aResearch Datasets Collection$2blcoll
=710  2\$aUniversity of Illinois at Urbana-Champaign.$bPolar Research Group.
=710  2\$aNational Centers for Environmental Prediction (U.S.)
=856  40$uhttp://arctic.atmos.uiuc.edu/cryosphere/$yResearch Datasets Collection
=859  \\$aXLD$bdatasets
=CAT  \\$aRESDATASET$b00$c20110825$lBLL01$h1145
=CAT  \\$a7332$b40$c20110915$lBLL01$h1129
=CAT  \\$a7332$b40$c20111123$lBLL01$h1033
=CAT  \\$aBATCH-UPD$b40$c20120821$lBLL01$h1643
=CAT  \\$aBATCH-UPD$b40$c20121018$lBLL01$h1010
=CAT  \\$aWR13.117$c20130718$lBLL01$h1857
=CAT  \\$aW1606-1753$c20171028$lBLL01$h1342
=FIN  \\$aY$d20110915
=FMT  \\$a  SE
=LAS  \\$aW1606-1753$b00$c20171028$lBLL01$h1342
=SRC  \\$aBLDatasets$bstm_datasets_20110825_mrc.xml
=TCO  \\$aZZZ$c008

