=LDR  02370 ai a2200589 a 4500
=001  015876682
=003  Uk
=005  20111201075927.0
=006  m\\\\\\\\m\|\\\\\\
=007  cr\|||||||||||
=008  110825c200u9999xxuuu\d\o\\\\\0\\\a2eng\\
=024  7\$astm20100128cd$2local
=040  \\$aUk$beng$cUk
=042  \\$aukblsr
=082  04$a551.46$223
=245  00$aOceanographic in-situ data access$h[electronic resource].
=246  3\$aEPIC Web browser : on-line access to ocean hydrographic and time series data
=260  \\$aSeattle :$bPacific Marine Environmental Laboratory
=336  \\$atext$2rdacontent
=337  \\$acomputer$2rdamedia
=338  \\$aonline resource$2rdacarrier
=500  \\$aTitle from home page (viewed on Dec. 1, 2011).
=506  \\$aData are free to access.
=516  \\$atext/plain.
=520  \\$aThe EPIC web browser is an access point to global oceanic meteorological and time-series data. Searches are restricted to an area of interest then individual monitoring points can be selected to view time series or profile plots. Data available covers air pressure, temperature and wind speed.
=538  \\$aMode of access: World Wide Web.
=540  \\$aPublic Domain.
=584  \\$aData are collected by NOAA.
=584  \\$aAccepting data submissions: No.
=650  \0$aOceanography$xResearch$vDatabases.
=650  \0$aHydrography$vDatabases.
=653  2\$aLiving With Environmental Change
=655  \7$aDataset.$2local
=655  \7$aLongitudinal data.$2local
=655  \7$aMonitoring data.$2local
=655  \7$aReference data.$2local
=690  7\$aResearch Datasets Collection$2blcoll
=710  1\$aUnited States.$bNational Oceanic and Atmospheric Administration.
=710  2\$aPacific Marine Environmental Laboratory (U.S.)
=856  40$uhttp://www.epic.noaa.gov/epic/ewb/$yResearch Datasets Collection
=859  \\$aXLD$bdatasets
=CAT  \\$aRESDATASET$b00$c20110825$lBLL01$h1145
=CAT  \\$a7332$b40$c20111201$lBLL01$h0759
=CAT  \\$aBATCH-UPD$b40$c20120821$lBLL01$h1643
=CAT  \\$aBATCH-UPD$b40$c20121018$lBLL01$h1010
=CAT  \\$aWR13.117$c20130718$lBLL01$h1857
=CAT  \\$aW1606-1753$c20171028$lBLL01$h1342
=FIN  \\$aY$d20111201
=FMT  \\$a  SE
=LAS  \\$aW1606-1753$b00$c20171028$lBLL01$h1342
=SRC  \\$aBLDatasets$bstm_datasets_20110825_mrc.xml
=TCO  \\$aZZZ$c008

