=LDR  02464 ai a2200577 a 4500
=001  015876683
=003  Uk
=005  20111215105621.0
=006  m\\\\\\\\m\|\\\\\\
=007  cr\|||||||||||
=008  110825c200u9999dk\uu\d\o\\\\\0\\\a2eng\\
=024  7\$astm20100205a$2local
=040  \\$aUk$beng$cUk
=042  \\$aukblsr
=082  04$a333.7094021$223
=245  00$aDatasets$h[electronic resource] /$cEuropean Environment Agency Data Service
=246  3\$aDatasets EEA
=260  \\$aCopenhagen :$bEuropean Environment Agency
=336  \\$atext$2rdacontent
=337  \\$acomputer$2rdamedia
=338  \\$aonline resource$2rdacarrier
=500  \\$aTitle from home page (viewed on Dec. 15, 2011).
=506  \\$aData are free to access.
=516  \\$atext/html; application/zip; application/msexcel; image/png; application/msaccess; text/csv.
=520  \\$aThe EEA Data Service provides access to and discovery of datasets on aspects affecting Europe's environment, including pollution, biodiversity, air quality and industry. Datasets can be found using basic search or browse. Data can be visualised online or downloaded, and there are links to older versions of data where relevant.
=522  \\$aEurope.
=538  \\$aMode of access: World Wide Web.
=540  \\$aData is owned by contributing parties, consult data for more information.
=584  \\$aData is submitted by member states and collated by the EEA.
=584  \\$aAccepting data submissions: No.
=651  \0$aEuropean Union countries$xEnvironmental conditions$vStatistics$vDatabases.
=653  2\$aLiving With Environmental Change
=655  \7$aDataset.$2local
=655  \7$aMonitoring data.$2local
=655  \7$aLongitudinal data.$2local
=655  \7$aObservational data.$2local
=690  7\$aResearch Datasets Collection$2blcoll
=710  2\$aEuropean Environment Agency.
=856  40$uhttp://www.eea.europa.eu/data-and-maps/data$yResearch Datasets Collection
=859  \\$aXLD$bdatasets
=CAT  \\$aRESDATASET$b00$c20110825$lBLL01$h1145
=CAT  \\$a7332$b40$c20111215$lBLL01$h1056
=CAT  \\$aBATCH-UPD$b40$c20120821$lBLL01$h1643
=CAT  \\$aBATCH-UPD$b40$c20121018$lBLL01$h1009
=CAT  \\$aWR13.117$c20130718$lBLL01$h1857
=CAT  \\$aW1606-1753$c20171028$lBLL01$h1342
=FIN  \\$aY$d20111215
=FMT  \\$a  SE
=LAS  \\$aW1606-1753$b00$c20171028$lBLL01$h1342
=SRC  \\$aBLDatasets$bstm_datasets_20110825_mrc.xml
=TCO  \\$aZZZ$c008

