=LDR  02921 ai a2200685 a 4500
=001  015876684
=003  Uk
=005  20130927125018.0
=006  m\\\\\\\\m\|\\\\\\
=007  cr\|||||||||||
=008  110825c200u9999dk\uu\d\o\\\\\0\\\a2eng\\
=024  7\$astm20100205b$2local
=040  \\$aUk$beng$cUk
=042  \\$aukblsr
=082  04$a344.046342094$223
=245  04$aThe European pollutant emission register$h[electronic resource].
=246  3\$aEPER
=260  \\$aCopenhagen :$bEuropean Environment Agency
=336  \\$atext$2rdacontent
=337  \\$acomputer$2rdamedia
=338  \\$aonline resource$2rdacarrier
=500  \\$aTitle from home page (viewed on Dec. 19, 2011).
=500  \\$aData is static.
=506  \\$aData are free to access.
=516  \\$aapplication/msaccess.
=518  \\$a2001,2004.
=520  \\$aEPER provides pollution data for across Europe, which can be searched by facility of release, pollutant or using a map search. Raw data can be downloaded in XML, Access Database, or as a Google Earth KML file.
=522  \\$aEurope.
=538  \\$aMode of access: World Wide Web.
=540  \\$aCopyright: Unless otherwise indicated, re-use of content on the EEA website for commercial or non-commercial purposes is permitted free of charge, provided that the source is acknowledged. Copyright owner: Directorate-General for Environment.
=584  \\$aData are submitted by EU member states on a triennial basis.
=584  \\$aAccepting data submissions: No.
=650  \0$aAir$xPollution$zEuropean Union countries$vDatabases.
=650  \0$aEnvironmental protection$zEuropean Union countries$vDatabases.
=650  \0$aEnvironmental policy$zEuropean Union countries.
=651  \0$aEuropean Union countries$xEnvironmental conditions$vDatabases.
=653  2\$aLiving With Environmental Change
=655  \7$aDataset.$2local
=655  \7$aMonitoring Data.$2local
=655  \7$aMonitoring data.$2local
=655  \7$aReference data.$2local
=690  7\$aResearch Datasets Collection$2blcoll
=710  2\$aEuropean Environment Agency.
=856  40$uhttp://www.eea.europa.eu/data-and-maps/data/eper-the-european-pollutant-emission-register-3$yResearch Datasets Collection
=859  \\$aXLD$bdatasets
=CAT  \\$aRESDATASET$b00$c20110825$lBLL01$h1145
=CAT  \\$a7332$b40$c20111219$lBLL01$h0813
=CAT  \\$a7332$b40$c20111219$lBLL01$h0815
=CAT  \\$a7332$b40$c20120118$lBLL01$h1141
=CAT  \\$aBATCH-UPD$b40$c20120821$lBLL01$h1643
=CAT  \\$aBATCH-UPD$b40$c20121018$lBLL01$h1009
=CAT  \\$aWR13.117$c20130718$lBLL01$h1857
=CAT  \\$a7332$b40$c20130927$lBLL01$h1249
=CAT  \\$a7332$b40$c20130927$lBLL01$h1250
=CAT  \\$aW1606-1753$c20171028$lBLL01$h1342
=FIN  \\$aY$d20111219
=FMT  \\$a  SE
=LAS  \\$aW1606-1753$b00$c20171028$lBLL01$h1342
=SRC  \\$aBLDatasets$bstm_datasets_20110825_mrc.xml
=TCO  \\$aZZZ$c008

