=LDR  02415 ai a2200601 a 4500
=001  015876685
=003  Uk
=005  20111219085257.0
=006  m\\\\\\\\m\|\\\\\\
=007  cr\|||||||||||
=008  110825c199u9999xxuuu\d\o\\\\\0\\\a2eng\\
=024  7\$astm20100205c$2local
=040  \\$aUk$beng$cUk
=042  \\$aukblsr
=082  04$a550$223
=245  00$aGlobal change master directory$h[electronic resource].
=246  3\$aGCMD
=260  \\$aGreenbelt :$bGoddard Space Flight Center
=336  \\$atext$2rdacontent
=337  \\$acomputer$2rdamedia
=338  \\$aonline resource$2rdacarrier
=500  \\$aTitle from home page (viewed on Dec. 19, 2011).
=506  \\$aData are free to access.
=516  \\$atext/html.
=520  \\$aGCMD provides a search across an international range of datasets related to global change. These are available from data centres outside of the GCMD, which only provides discovery and so data identified may not necessarily be openly available. Datasets can be identified using keyword location or parameter browses and free text searching.
=522  \\$aGlobal.
=538  \\$aMode of access: World Wide Web.
=540  \\$aCreators/Contributors retain copyright.
=584  \\$aMetadata is submitted globally from various data holders, both large institutions and data centres and individual research groups.
=584  \\$aAccepting data submissions: Yes.
=650  \0$aEarth sciences$vDatabases.
=650  \0$aGlobal environmental change$vDatabases.
=653  2\$aLiving With Environmental Change
=655  \7$aDataset.$2local
=655  \7$aMetadata.$2local
=655  \7$aMonitoring data.$2local
=655  \7$aReference data.$2local
=690  7\$aResearch Datasets Collection$2blcoll
=710  2\$aGoddard Space Flight Center.
=856  40$uhttp://gcmd.nasa.gov/$yResearch Datasets Collection
=859  \\$aXLD$bdatasets
=CAT  \\$aRESDATASET$b00$c20110825$lBLL01$h1145
=CAT  \\$a5194$b40$c20111019$lBLL01$h1406
=CAT  \\$a7332$b40$c20111219$lBLL01$h0852
=CAT  \\$aBATCH-UPD$b40$c20120821$lBLL01$h1643
=CAT  \\$aBATCH-UPD$b40$c20121018$lBLL01$h1010
=CAT  \\$aWR13.117$c20130718$lBLL01$h1857
=CAT  \\$aW1606-1753$c20171028$lBLL01$h1342
=FIN  \\$aY$d20111219
=FMT  \\$a  SE
=LAS  \\$aW1606-1753$b00$c20171028$lBLL01$h1342
=SRC  \\$aBLDatasets$bstm_datasets_20110825_mrc.xml
=TCO  \\$aZZZ$c008

