=LDR  02795 ai a2200649 a 4500
=001  015876686
=003  Uk
=005  20120726064042.0
=006  m\\\\\\\\m\|\\\\\\
=007  cr\|||||||||||
=008  110825c200u9999sz\uu\d\o\s\\\0\\\a2eng\\
=024  7\$astm20091117f$2local
=040  \\$aUk$beng$cUk
=041  0\$aeng$afre
=042  \\$aukblsr
=082  04$a333.714$223
=245  00$aEnvironmental data explorer$h[electronic resource].
=246  1\$iFrench interface title:$aPortail des DonneÌes GEO Anglais
=246  3\$aUNEP environmental data explorer
=260  \\$a[Geneva] :$bUnited Nations Environment Programme
=336  \\$atext$2rdacontent
=337  \\$acomputer$2rdamedia
=338  \\$aonline resource$2rdacarrier
=500  \\$aTitle from home page (viewed on Dec. 19, 2011).
=506  \\$aData are free to access.
=516  \\$atext/html.
=520  \\$aData provided by the Environmental data explorer are all those used in the UNEP Global Environment Outlooks report. Over 500 variables, including those relating to climate, air quality, energy consumption and production, oceans and coasts, land use and food supply, can be searched or browsed across datasets. Data is visualised online and can be downloaded.
=538  \\$aMode of access: World Wide Web.
=540  \\$aData provided are the intellectual property of the organizations which supplied the information.
=546  \\$aInterface in English and French.
=584  \\$aData are provided to GEO by various national and international agencies.
=584  \\$aAccepting data submissions: No.
=650  \0$aEnvironmental quality$vStatistics$vDatabases.
=650  \0$aHuman ecology$vStatistics$vDatabases.
=650  \0$aNatural disasters$vStatistics$vDatabases.
=653  2\$aLiving With Environmental Change
=655  \7$aDataset.$2local
=655  \7$aMonitoring data.$2local
=655  \7$aLongitudinal data.$2local
=655  \7$aObservational data.$2local
=690  7\$aResearch Datasets Collection$2blcoll
=710  2\$aUnited Nations Environment Programme.
=710  2\$aUnited Nations Environment Programme.$bDivision of Early Warning and Assessment.
=856  40$uhttp://geodata.grid.unep.ch/$yResearch Datasets Collection
=859  \\$aXLD$bdatasets
=CAT  \\$aRESDATASET$b00$c20110825$lBLL01$h1145
=CAT  \\$a7332$b40$c20111219$lBLL01$h1054
=CAT  \\$a7332$b40$c20120726$lBLL01$h0640
=CAT  \\$aBATCH-UPD$b40$c20120821$lBLL01$h1643
=CAT  \\$aBATCH-UPD$b40$c20121018$lBLL01$h1010
=CAT  \\$aWR13.117$c20130718$lBLL01$h1857
=CAT  \\$aW1606-1753$c20171028$lBLL01$h1342
=FIN  \\$aY$d20111219
=FMT  \\$a  SE
=LAS  \\$aW1606-1753$b00$c20171028$lBLL01$h1342
=SRC  \\$aBLDatasets$bstm_datasets_20110825_mrc.xml
=TCO  \\$aZZZ$c008

