=LDR  02328 ai a2200589 a 4500
=001  015876687
=003  Uk
=005  20120104111402.0
=006  m\\\\\\\\m\|\\\\\\
=007  cr\|||||||||||
=008  110825c200u9999xxuuu\d\o\\\\\0\\\a2eng\\
=024  7\$astm20100205e$2local
=040  \\$aUk$beng$cUk
=042  \\$aukblsr
=082  04$a550$223
=245  00$aGoddard Earth Sciences Data and Information Services Center$h[electronic resource].
=246  3\$aGES DISC
=260  \\$aGreenbelt :$bGoddard Earth Sciences Data and Information Services Center
=336  \\$atext$2rdacontent
=337  \\$acomputer$2rdamedia
=338  \\$aonline resource$2rdacarrier
=500  \\$aTitle from home page (viewed on Dec. 15, 2011).
=506  \\$aData are free to access.
=516  \\$atext/html; application/x-gunzip.
=520  \\$aGES:DISC provides remotely sensed earth science data, including atmospheric, meteorological, hydrology and land surface parameters. Data can be visualised using the Giovanni portal, and individual datasets can be searched or browsed for download.
=538  \\$aMode of access: World Wide Web.
=540  \\$aPublic Domain.
=584  \\$aData are created by Goddard Earth Sciences.
=584  \\$aAccepting data submissions: No.
=650  \0$aEarth sciences$vDatabases.
=653  2\$aLiving With Environmental Change
=655  \7$aDataset.$2local
=655  \7$aMonitoring data.$2local
=655  \7$aObservational data.$2local
=655  \7$aReference data.$2local
=690  7\$aResearch Datasets Collection$2blcoll
=710  2\$aGoddard Earth Sciences Data and Information Services Center.
=856  40$uhttp://disc.sci.gsfc.nasa.gov/data-holdings$yResearch Datasets Collection
=859  \\$aXLD$bdatasets
=CAT  \\$aRESDATASET$b00$c20110825$lBLL01$h1145
=CAT  \\$a7332$b40$c20111215$lBLL01$h1312
=CAT  \\$a7332$b40$c20111215$lBLL01$h1315
=CAT  \\$a7332$b40$c20120104$lBLL01$h1114
=CAT  \\$aBATCH-UPD$b40$c20120821$lBLL01$h1643
=CAT  \\$aBATCH-UPD$b40$c20121018$lBLL01$h1009
=CAT  \\$aWR13.117$c20130718$lBLL01$h1857
=CAT  \\$aW1606-1753$c20171028$lBLL01$h1342
=FIN  \\$aY$d20111215
=FMT  \\$a  SE
=LAS  \\$aW1606-1753$b00$c20171028$lBLL01$h1342
=SRC  \\$aBLDatasets$bstm_datasets_20110825_mrc.xml
=TCO  \\$aZZZ$c008

