=LDR  02300 ai a2200565 a 4500
=001  015876688
=003  Uk
=005  20111014113417.0
=006  m\\\\\\\\m\|\\\\\\
=007  cr\|||||||||||
=008  110825c200u9999enkuu\d\o\\\\\0\\\a2eng\\
=024  7\$astm20100205f$2local
=040  \\$aUk$beng$cUk
=042  \\$aukblsr
=082  04$a551.6$223
=245  00$aMet Office Hadley Centre observations datasets$h[electronic resource].
=260  \\$aExeter :$bMet Office Hadley Centre for Climate Change
=336  \\$atext$2rdacontent
=337  \\$acomputer$2rdamedia
=338  \\$aonline resource$2rdacarrier
=500  \\$aTitle from home page (viewed on Oct. 13, 2011).
=506  \\$aData are free to access.
=516  \\$atext/plain; application/x-gunzip; image/png.
=520  \\$aThe Hadley Centre provides gridded meteorological data for research and personal use. These include land surface, marine and upper air datasets, pressure data and climate indicators. These are available on a range of time scales from daily to annual and can be accessed by browsing the appropriate projects.
=538  \\$aMode of access: World Wide Web.
=540  \\$aCrown Copyright.
=584  \\$aData are created by the UK Meteorological Office.
=650  \0$aMeteorology$vObservations$vDatabases.
=650  \0$aClimatology$vObservations$vDatabases.
=653  2\$aLiving With Environmental Change
=655  \7$aDataset.$2local
=655  \7$aMonitoring data.$2local
=655  \7$aObservational data.$2local
=655  \7$aLongitudinal data.$2local
=690  7\$aResearch Datasets Collection$2blcoll
=710  2\$aHadley Centre for Climate Prediction and Research.
=856  40$uhttp://hadobs.metoffice.com$yResearch Datasets Collection
=859  \\$aXLD$bdatasets
=CAT  \\$aRESDATASET$b00$c20110825$lBLL01$h1145
=CAT  \\$a7332$b40$c20111013$lBLL01$h1552
=CAT  \\$a7332$b40$c20111014$lBLL01$h1134
=CAT  \\$aBATCH-UPD$b40$c20120821$lBLL01$h1643
=CAT  \\$aBATCH-UPD$b40$c20121018$lBLL01$h1010
=CAT  \\$aWR13.117$c20130718$lBLL01$h1857
=CAT  \\$aW1606-1753$c20171028$lBLL01$h1342
=FIN  \\$aY$d20111013
=FMT  \\$a  SE
=LAS  \\$aW1606-1753$b00$c20171028$lBLL01$h1342
=SRC  \\$aBLDatasets$bstm_datasets_20110825_mrc.xml
=TCO  \\$aZZZ$c008

