=LDR  02652 ai a2200673 a 4500
=001  015876690
=003  Uk
=005  20131219125200.0
=006  m\\\\\\\\m\|\\\\\\
=007  cr\|||||||||||
=008  110825c200u9999xxuuu\d\o\\\\\0\\\a2eng\\
=024  7\$astm20100209m$2local
=040  \\$aUk$beng$cUk$dUk
=042  \\$aukblsr
=082  04$a629.2538$223
=245  00$aAlternative Fuels Data Center.$pMaps and data.
=247  10$aData, analysis & trends.$pFuels
=260  \\$aWashington, D.C. :$bU.S. Department of Energy
=336  \\$atext$2rdacontent
=337  \\$acomputer$2rdamedia
=338  \\$aonline resource$2rdacarrier
=506  \\$aData are free to access.
=516  \\$aapplication/msexcel.
=520  \\$aProvides data on alternative fuel (ethanol, gasohol and biodiesel) production and use in the USA. Includes data relating to: alternative fuel vehicles, fuel prices and global ethanol production, fuel taxes, laws and incentives for renewable fuel use, reg.
=522  \\$aUnited States.
=538  \\$aMode of access: World Wide Web.
=540  \\$aPublic Domain.
=584  \\$aData are collected by the DoE.
=584  \\$aAccepting data submissions: No.
=588  \\$aTitle from home page (viewed on December 19, 2013)
=650  \0$aBiodiesel fuels$zUnited States$vDatabases.
=650  \0$aEthanol as fuel$zUnited States$vDatabases.
=650  \0$aFuel switching$zUnited States$vDatabases.
=650  \0$aGasohol$zUnited States$vDatabases.
=653  2\$aLiving With Environmental Change
=655  \7$aDataset.$2local
=655  \7$aMonitoring data.$2local
=655  \7$aReference data.$2local
=690  7\$aResearch Datasets Collection$2blcoll
=710  1\$aUnited States.$bDepartment of Energy.
=710  2\$aAlternative Fuels Data Center (National Renewable Energy Laboratory)
=856  40$uhttp://www.afdc.energy.gov/data/$yResearch Datasets Collection
=859  \\$aXLD$bdatasets
=985  \\$aRecord amended for WR# 13/070
=CAT  \\$aRESDATASET$b00$c20110825$lBLL01$h1145
=CAT  \\$a7332$b40$c20111018$lBLL01$h0803
=CAT  \\$aBATCH-UPD$b40$c20120821$lBLL01$h1643
=CAT  \\$aBATCH-UPD$b40$c20121018$lBLL01$h1010
=CAT  \\$a7332$b40$c20121024$lBLL01$h1342
=CAT  \\$aWR13_070$b00$c20130504$lBLL01$h0333
=CAT  \\$aWR13.117$c20130718$lBLL01$h1857
=CAT  \\$a7332$b40$c20131219$lBLL01$h1058
=CAT  \\$a7332$b40$c20131219$lBLL01$h1252
=CAT  \\$aW1606-1753$c20171028$lBLL01$h1342
=FIN  \\$aY$d20111014
=FMT  \\$a  SE
=LAS  \\$aW1606-1753$b00$c20171028$lBLL01$h1342
=SRC  \\$aBLDatasets$bstm_datasets_20110825_mrc.xml
=TCO  \\$aZZZ$c008

