=LDR  02866 ai a2200685 a 4500
=001  015876697
=003  Uk
=005  20140115133605.0
=006  m\\\\\\\\m\|\\\\\\
=007  cr\|||||||||||
=008  110825c200u9999xxcuu\d\o\\\\\0\\\a2eng\\
=024  7\$astm20100209i$2local
=040  \\$aUk$beng$cUk$dUk
=041  0\$aeng$afre
=042  \\$aukblsr
=082  04$a551.46$223
=245  00$aOcean Data Inventory$h[electronic resource].
=246  1\$iFrench interface title:$aInventaire des Donnes Ocaniques
=246  3\$aODI
=260  \\$aDartmouth :$bBedford Institute of Oceanography.
=336  \\$atext$2rdacontent
=337  \\$acomputer$2rdamedia
=338  \\$aonline resource$2rdacarrier
=500  \\$aTitle from home page (viewed on January 15, 2014).
=506  \\$aUsers must register to access data.
=516  \\$aBespoke software.
=518  \\$a1960-.
=520  \\$aThe ODI provides a list of all oceanographic data held at the Bedford Institute of Oceanography, including current, acoustic Doppler and coastal temperature time series, tide gauge and salinity data. These are queried using an online application by location or time period. Data covers the North Atlantic and Arctic. To access the ODI, navigate to Run database query from the left-hand menu, and select Ocean Data Inventory from the available options.
=538  \\$aMode of access: World Wide Web.
=540  \\$aNot stated.
=546  \\$aInterface in English and French.
=584  \\$aData are collected by the Bedford Institute of Oceanography.
=584  \\$aAccepting data submissions: No.
=650  \0$aOceanography$zArctic Ocean$vDatabases.
=650  \0$aOceanography$zAtlantic Ocean$vDatabases.
=653  2\$aLiving With Environmental Change
=655  \7$aDataset.$2local
=655  \7$aMetadata.$2local
=655  \7$aMonitoring data.$2local
=655  \7$aReference data.$2local
=690  7\$aResearch Datasets Collection$2blcoll
=710  2\$aBedford Institute of Oceanography.
=856  40$uhttp://www.bio.gc.ca/science/data-donnees/base/data-donnees/odi-eng.php$yResearch Datasets Collection
=859  \\$aXLD$bdatasets
=985  \\$aRecord amended for WR# 13/070
=CAT  \\$aRESDATASET$b00$c20110825$lBLL01$h1145
=CAT  \\$a7332$b40$c20111110$lBLL01$h0809
=CAT  \\$a7332$b40$c20120111$lBLL01$h1139
=CAT  \\$aBATCH-UPD$b40$c20120821$lBLL01$h1643
=CAT  \\$aBATCH-UPD$b40$c20121018$lBLL01$h1009
=CAT  \\$aWR13_070$b00$c20130504$lBLL01$h0333
=CAT  \\$aWR13.117$c20130718$lBLL01$h1857
=CAT  \\$a7332$b40$c20140115$lBLL01$h1336
=CAT  \\$aBATCH-UPD$b40$c20160924$lBLL01$h0256
=CAT  \\$aW1606-1753$c20171028$lBLL01$h1342
=FIN  \\$aY$d20111110
=FMT  \\$a  SE
=LAS  \\$aW1606-1753$b00$c20171028$lBLL01$h1342
=SRC  \\$aBLDatasets$bstm_datasets_20110825_mrc.xml
=TCO  \\$aZZZ$c008

