=LDR  02920 ai a2200721 a 4500
=001  015876699
=003  Uk
=005  20140115132308.0
=006  m\\\\\\\\m\|\\\\\\
=007  cr\|||||||||||
=008  110825c200u9999xxcuu\d\o\\\\\0\\\a2eng\\
=024  7\$astm20100209g$2local
=040  \\$aUk$beng$cUk$dUk
=041  0\$aeng$afre
=042  \\$aukblsr
=082  04$a551.4655131$223
=245  04$aThe Ocean Colour Database$h[electronic resource].
=246  1\$iFrench interface title:$aBase de Donnes sur la Couleur de l'Ocan
=246  3\$aOCDB
=246  3\$aBDCO
=260  \\$aDartmouth :$bBedford Institute of Oceanography.
=336  \\$atext$2rdacontent
=337  \\$acomputer$2rdamedia
=338  \\$aonline resource$2rdacarrier
=500  \\$aTitle from home page (viewed on January 15, 2014).
=506  \\$aUsers must register to access data.
=516  \\$aBespoke software.
=518  \\$a10/1997-.
=520  \\$aOCDB provides chlorophyll measurements from SeaWiFS (Sea-viewing Wide Field-of-view Sensor) for the North Atlantic, queried with an online application by location or time period. To access the OCD, navigate to Run database query from the left-hand menu, and select Ocean Colour Database from the available options.
=522  \\$a39,62.5,42,71.
=538  \\$aMode of access: World Wide Web.
=540  \\$aNot stated.
=546  \\$aInterface in English and French.
=584  \\$aData are obtained via NASA.
=584  \\$aAccepting data submissions: No.
=650  \0$aChlorophyll$xRemote sensing$zNorth Atlantic Ocean$vDatabases.
=650  \0$aOceanography$vObservations$zNorth Atlantic Ocean$vDatabases.
=650  \0$aOceanography$xRemote sensing$zNorth Atlantic Ocean$vDatabases.
=650  \0$aOptical oceanography$zNorth Atlantic Ocean$vDatabases.
=653  2\$aLiving With Environmental Change
=655  \7$aDataset.$2local
=655  \7$aLongitudinal data.$2local
=655  \7$aMonitoring data.$2local
=655  \7$aReference data.$2local
=690  7\$aResearch Datasets Collection$2blcoll
=710  2\$aBedford Institute of Oceanography.
=856  40$uhttp://www.bio.gc.ca/science/data-donnees/base/data-donnees/ocdb-eng.php$yResearch Datasets Collection
=859  \\$aXLD$bdatasets
=985  \\$aRecord amended for WR# 13/070
=CAT  \\$aRESDATASET$b00$c20110825$lBLL01$h1145
=CAT  \\$a7332$b40$c20111213$lBLL01$h1037
=CAT  \\$a7332$b40$c20111213$lBLL01$h1040
=CAT  \\$aBATCH-UPD$b40$c20120821$lBLL01$h1643
=CAT  \\$aBATCH-UPD$b40$c20121018$lBLL01$h1009
=CAT  \\$aWR13_070$b00$c20130504$lBLL01$h0333
=CAT  \\$aWR13.117$c20130718$lBLL01$h1857
=CAT  \\$a7332$b40$c20140115$lBLL01$h1323
=CAT  \\$aW1606-1753$c20171028$lBLL01$h1342
=FIN  \\$aY$d20111213
=FMT  \\$a  SE
=LAS  \\$aW1606-1753$b00$c20171028$lBLL01$h1342
=SRC  \\$aBLDatasets$bstm_datasets_20110825_mrc.xml
=TCO  \\$aZZZ$c008

