=LDR  02464 ai a2200613 a 4500
=001  015876700
=003  Uk
=005  20130927125112.0
=006  m\\\\\\\\m\|\\\\\\
=007  cr\|||||||||||
=008  110825c200u9999xxuuu\d\o\\\\\0\\\a2eng\\
=024  7\$astm20100209f$2local
=040  \\$aUk$beng$cUk$dUk
=042  \\$aukblsr
=082  04$a363.73874$223
=245  00$aCarbon Dioxide Information Analysis Center$h[electronic resource].
=246  3\$aCDIAC
=260  \\$bOak Ridge :$bCarbon Dioxide Information Analysis Center
=336  \\$atext$2rdacontent
=337  \\$acomputer$2rdamedia
=338  \\$aonline resource$2rdacarrier
=500  \\$aTitle from home page (viewed on Dec. 13, 2011).
=506  \\$aSome data are restricted/sensitive.
=516  \\$atext/plain; application/msexcel
=520  \\$aAs well as CO2, CDIAC provides data on other greenhouse gases, climate trends, emission data and biological parameters. Some data indexed by the site may be not be held by CDIAC itself. CDIAC also holds the World Data Centre for Atmospheric Trace Gases (WDC-ATG).
=538  \\$aMode of access: World Wide Web.
=540  \\$aNot stated.
=584  \\$aData are submitted to CDIAC by monitoring sites.
=584  \\$aAccepting data submissions: Yes.
=650  \0$aAtmospheric carbon dioxide$xMeasurement$vDatabases.
=650  \0$aGreenhouse gases$xMeasurement$vDatabases.
=650  \0$aAtmospheric chemistry$xMeasurement$vDatabases.
=653  2\$aLiving With Environmental Change
=655  \7$aDataset.$2local
=655  \7$aMonitoring data.$2local
=655  \7$aLongitudinal data.$2local
=655  \7$aReference data.$2local
=690  7\$aResearch Datasets Collection$2blcoll
=710  2\$aCarbon Dioxide Information Analysis Center (U.S.)
=856  40$uhttp://cdiac.ornl.gov/by_new/bysubjec.html$yResearch Datasets Collection
=859  \\$aXLD$bdatasets
=CAT  \\$aRESDATASET$b00$c20110825$lBLL01$h1145
=CAT  \\$a7332$b40$c20111213$lBLL01$h1256
=CAT  \\$a7332$b40$c20120118$lBLL01$h1148
=CAT  \\$aBATCH-UPD$b40$c20120821$lBLL01$h1643
=CAT  \\$aBATCH-UPD$b40$c20121018$lBLL01$h1009
=CAT  \\$aWR13.117$c20130718$lBLL01$h1857
=CAT  \\$a7332$b40$c20130927$lBLL01$h1251
=CAT  \\$aW1606-1753$c20171028$lBLL01$h1342
=FIN  \\$aY$d20111213
=FMT  \\$a  SE
=LAS  \\$aW1606-1753$b00$c20171028$lBLL01$h1342
=SRC  \\$aBLDatasets$bstm_datasets_20110825_mrc.xml
=TCO  \\$aZZZ$c008

