=LDR  02298 ai a2200577 a 4500
=001  015876702
=003  Uk
=005  20111214071154.0
=006  m\\\\\\\\m\|\\\\\\
=007  cr\|||||||||||
=008  110825c200u9999xxuuu\d\o\\\\\0\\\a2eng\\
=024  7\$astm20100209d$2local
=040  \\$aUk$beng$cUk
=042  \\$aukblsr
=082  04$a363.73922$223
=245  00$aEnvironmental data access.$pAir quality data$h[electronic resource].
=246  3\$aEDA.$pAir quality data
=260  \\$a[St. Paul] :$bMinnesota Pollution Control Agency
=336  \\$atext$2rdacontent
=337  \\$acomputer$2rdamedia
=338  \\$aonline resource$2rdacarrier
=500  \\$aTitle from home page (viewed on Dec. 13 2011).
=506  \\$aData are free to access.
=516  \\$atext/csv.
=520  \\$aProvides air quality data from across the state of Minnesota. Searches can be performed using a map or location search, point sources or monitoring station search. Data can also be viewed by pollutant. Data can be visualised online or downloaded.
=522  \\$aMinnesota.
=538  \\$aMode of access: World Wide Web.
=540  \\$aNot stated.
=584  \\$aData are created by the MPCA.
=584  \\$aAccepting data submissions: No.
=650  \0$aAir quality$zMinnesota$vDatabases.
=650  \0$aAir$xPollution$zMinnesota$vDatabases.
=653  2\$aLiving With Environmental Change
=655  \7$aDataset.$2local
=655  \7$aMonitoring data.$2local
=655  \7$aReference data.$2local
=690  7\$aResearch Datasets Collection$2blcoll
=710  2\$aMinnesota Pollution Control Agency.
=856  40$uhttp://www.pca.state.mn.us/index.php/topics/environmental-data/eda-environmental-data-access/eda-air-quality-searches/eda-air-quality-data-home.html$yResearch Datasets Collection
=859  \\$aXLD$bdatasets
=CAT  \\$aRESDATASET$b00$c20110825$lBLL01$h1145
=CAT  \\$a7332$b40$c20111214$lBLL01$h0711
=CAT  \\$aBATCH-UPD$b40$c20120821$lBLL01$h1643
=CAT  \\$aBATCH-UPD$b40$c20121018$lBLL01$h1010
=CAT  \\$aWR13.117$c20130718$lBLL01$h1857
=CAT  \\$aW1606-1753$c20171028$lBLL01$h1342
=FIN  \\$aY$d20111214
=FMT  \\$a  SE
=LAS  \\$aW1606-1753$b00$c20171028$lBLL01$h1342
=SRC  \\$aBLDatasets$bstm_datasets_20110825_mrc.xml
=TCO  \\$aZZZ$c008

