=LDR  02224 ai a2200589 a 4500
=001  015876703
=003  Uk
=005  20121023151443.0
=006  m\\\\\\\\m\|\\\\\\
=007  cr\|||||||||||
=008  110825c200u9999xxuuu\d\o\\\\\0\\\a2eng\\
=024  7\$astm20100209c$2local
=040  \\$aUk$beng$cUk$dUk
=042  \\$aukblsr
=082  04$a553.7909776$223
=245  00$aEnvironmental data access.$pGround water data$h[electronic resource].
=246  3\$aEDA.$pGround water data
=260  \\$a[St. Paul] :$bMinnesota Pollution Control Agency
=336  \\$atext$2rdacontent
=337  \\$acomputer$2rdamedia
=338  \\$aonline resource$2rdacarrier
=500  \\$aTitle from home page (viewed on Mar. 16 2012).
=506  \\$aNone.
=516  \\$atext/csv; application/msexcel.
=520  \\$aProvides ground water quality data from across the state of Minnesota. Searches can be performed using a text-based or location search. Data for sampling events are viewed by station and can be downloaded.
=522  \\$aMinnesota.
=538  \\$aMode of access: World Wide Web.
=540  \\$aNot stated.
=584  \\$aData are created by the MPCA.
=650  \0$aWater quality$zMinnesota$vDatabases.
=650  \0$aGroundwater$zMinnesota$vDatabases.
=653  2\$aLiving With Environmental Change
=655  \7$aDataset.$2local
=655  \7$aMonitoring data.$2local
=655  \7$aReference data.$2local
=690  7\$aResearch Datasets Collection$2blcoll
=710  2\$aMinnesota Pollution Control Agency.
=856  40$uhttp://www.pca.state.mn.us/index.php/data/groundwater.html$yResearch Datasets Collection
=859  \\$aXLD$bdatasets
=CAT  \\$aRESDATASET$b00$c20110825$lBLL01$h1145
=CAT  \\$a7332$b40$c20120316$lBLL01$h0851
=CAT  \\$aBATCH-UPD$b40$c20120821$lBLL01$h1643
=CAT  \\$aBATCH-UPD$b40$c20121018$lBLL01$h1010
=CAT  \\$a7332$b40$c20121023$lBLL01$h1513
=CAT  \\$a7332$b40$c20121023$lBLL01$h1514
=CAT  \\$aWR13.117$c20130718$lBLL01$h1857
=CAT  \\$aW1606-1753$c20171028$lBLL01$h1342
=FIN  \\$aY$d20120316
=FMT  \\$a  SE
=LAS  \\$aW1606-1753$b00$c20171028$lBLL01$h1342
=SRC  \\$aBLDatasets$bstm_datasets_20110825_mrc.xml
=TCO  \\$aZZZ$c008

