=LDR  02832 ai a2200661 a 4500
=001  015876707
=003  Uk
=005  20111123113002.0
=006  m\\\\\\\\m\|\\\\\\
=007  cr\|||||||||||
=008  110825c200u9999xxcuu\d\o\\\\\0\\\a2eng\\
=024  7\$astm20100211x$2local
=040  \\$aUk$beng$cUk
=041  0\$aeng$afre
=042  \\$aukblsr
=082  04$a551.480916344$223
=245  04$aThe St. Lawrence monitored$h[electronic resource].
=246  1\$iFrench interface title:$aObservatoire global du Saint-Laurent
=260  \\$aRimouski, Que. :$bSt. Lawrence Global Observatory
=336  \\$atext$2rdacontent
=337  \\$acomputer$2rdamedia
=338  \\$aonline resource$2rdacarrier
=500  \\$aTitle from home page (viewed on Sept. 14, 2011).
=506  \\$aData are free to access.
=516  \\$aimage/png.
=518  \\$a1996-2008.
=520  \\$aProvides graphical visualisations of variables (water temperature, nitrogen, chlorophyll, salinity, oxygen, phosphates and silicates) measured in the waters of the Gulf of Saint Lawrence at fixed stations or in ship-borne transects. These are available from 1996 to 2008. Data points can be accessed by navigating to the 'ODMS' page, where users can register and install the java plug-in to query data.
=522  \\$aSaint lawrence, Gulf of.
=538  \\$aMode of access: World Wide Web.
=540  \\$aNot stated.
=546  \\$aInterface in English and French.
=584  \\$aData are collected by the St. Lawrence Global Observatory.
=584  \\$aAccepting data submissions: No.
=650  \0$aOcean temperature$zSaint Lawrence, Gulf of$xObservations$vDatabases.
=650  \0$aWater chemistry$zSaint Lawrence, Gulf of$xObservations$vDatabases.
=650  \0$aHydrology$zSaint Lawrence, Gulf of$xObservations$vDatabases.
=650  \0$aOceanography$zSaint Lawrence, Gulf of$xObservations$vDatabases.
=653  2\$aLiving With Environmental Change
=655  \7$aDataset.$2local
=655  \7$aMonitoring data.$2local
=655  \7$aReference data.$2local
=690  7\$aResearch Datasets Collection$2blcoll
=710  2\$aSt. Lawrence Global Observatory.
=710  2\$aMaurice Lamontagne Institute.
=856  40$uhttp://ogsl.ca/en/slmonitored/context.html$yResearch Datasets Collection
=859  \\$aXLD$bdatasets
=CAT  \\$aRESDATASET$b00$c20110825$lBLL01$h1145
=CAT  \\$a7332$b40$c20110915$lBLL01$h0911
=CAT  \\$a7332$b40$c20111123$lBLL01$h1130
=CAT  \\$aBATCH-UPD$b40$c20120821$lBLL01$h1643
=CAT  \\$aBATCH-UPD$b40$c20121018$lBLL01$h1010
=CAT  \\$aWR13.117$c20130718$lBLL01$h1857
=CAT  \\$aW1606-1753$c20171028$lBLL01$h1342
=FIN  \\$aY$d20110915
=FMT  \\$a  SE
=LAS  \\$aW1606-1753$b00$c20171028$lBLL01$h1342
=SRC  \\$aBLDatasets$bstm_datasets_20110825_mrc.xml
=TCO  \\$aZZZ$c008

