=LDR  02507 ai a2200601 a 4500
=001  015876708
=003  Uk
=005  20111102110028.0
=006  m\\\\\\\\m\|\\\\\\
=007  cr\|||||||||||
=008  110825c200u9999xxcuu\d\o\\\\\0\\\a2eng\\
=024  7\$astm20100211p$2local
=040  \\$aUk$beng$cUk
=042  \\$aukblsr
=082  04$a551.46131$223
=245  00$aAtlantic Zone Monitoring Program$h[electronic resource].
=246  3\$aAZMP
=260  \\$aOttawa :$bFisheries and Oceans Canada
=336  \\$atext$2rdacontent
=337  \\$acomputer$2rdamedia
=338  \\$aonline resource$2rdacarrier
=500  \\$aTitle from home page (viewed on Nov. 2, 2011).
=506  \\$aData are free to access.
=516  \\$aimage/gif; text/csv; text/plain; .odf.
=520  \\$aProvides hydrographic, climate, remotely sensed and meteorological data for 13 sections monitored in the programme. Yearly data can be identified by station or section and downloaded, with some data plots available from the site.
=522  \\$aNorth Atlantic Ocean.
=538  \\$aMode of access: World Wide Web.
=540  \\$aThe material on this site is covered by the provisions of the Copyright Act, and by Canadian laws, policies, regulations and international agreements.
=584  \\$aData are collated by Fisheries and Oceans Canada.
=584  \\$aAccepting data submissions: No.
=650  \0$aMeteorology$xResearch$zNorth Atlantic Ocean$vDatabases.
=650  \0$aOceanography$xResearch$zNorth Atlantic Ocean$vDatabases.
=653  2\$aLiving With Environmental Change
=655  \7$aDataset.$2local
=655  \7$aMonitoring data.$2local
=655  \7$aReference data.$2local
=690  7\$aResearch Datasets Collection$2blcoll
=710  1\$aCanada.$bDepartment of Fisheries and Oceans.
=856  40$uhttp://www.meds-sdmm.dfo-mpo.gc.ca/isdm-gdsi/azmp-pmza/index-eng.html$yResearch Datasets Collection
=859  \\$aXLD$bdatasets
=985  \\$aRecord amended for WR# 13/070
=CAT  \\$aRESDATASET$b00$c20110825$lBLL01$h1145
=CAT  \\$a7332$b40$c20111102$lBLL01$h1100
=CAT  \\$aBATCH-UPD$b40$c20120821$lBLL01$h1643
=CAT  \\$aBATCH-UPD$b40$c20121018$lBLL01$h1009
=CAT  \\$aWR13_070$b00$c20130504$lBLL01$h0333
=CAT  \\$aWR13.117$c20130718$lBLL01$h1857
=CAT  \\$aW1606-1753$c20171028$lBLL01$h1342
=FIN  \\$aY$d20111102
=FMT  \\$a  SE
=LAS  \\$aW1606-1753$b00$c20171028$lBLL01$h1342
=SRC  \\$aBLDatasets$bstm_datasets_20110825_mrc.xml
=TCO  \\$aZZZ$c008

