=LDR  02604 ai a2200613 a 4500
=001  015876710
=003  Uk
=005  20110914100028.0
=006  m\\\\\\\\m\|\\\\\\
=007  cr\|||||||||||
=008  110825c200u9999xxuuu\d\o\\\\\0\\\a2eng\\
=024  7\$astm20100428b$2local
=040  \\$aUk$beng$cUk
=042  \\$aukblsr
=082  04$a551.4613$223
=245  00$aTAO data display and delivery$h[electronic resource].
=246  3\$aTropical Atmosphere Ocean data display and delivery
=260  \\$aSeattle :$bPacific Marine Environmental Laboratory
=336  \\$atext$2rdacontent
=337  \\$acomputer$2rdamedia
=338  \\$aonline resource$2rdacarrier
=500  \\$aTitle from home page (viewed on Sept. 14, 2011).
=506  \\$aData are free to access.
=516  \\$aASCII; image/gif; text/plain.
=518  \\$a20/01/1970 -.
=520  \\$aProvides marine atmospheric and hydrometric data from 68 moored buoys in the Atlantic ocean between 10ºN and 10ºS. Data parameters available include sea surface temperature, wind parameters, rain, current, air temperature and radiation measures. This can be viewed as plots or downloaded to NetCDF and ASCII files. Data can be restricted by buoy and date.
=538  \\$aMode of access: World Wide Web.
=540  \\$aPublic Domain.
=584  \\$aData are collected by the Tropical Atmosphere Ocean Project.
=650  \0$aOceanography$zAtlantic Ocean$xObservations$vDatabases.
=650  \0$aOceanography$zTropics$xObservations$vDatabases.
=650  \0$aClimatology$xObservations$vDatabases.
=653  2\$aLiving With Environmental Change
=655  \7$aDataset.$2local
=655  \7$aObservational data.$2local
=655  \7$aMonitoring data.$2local
=655  \7$aReference data.$2local
=690  7\$aResearch Datasets Collection$2blcoll
=710  1\$aUnited States.$bNational Oceanic and Atmospheric Administration.
=710  2\$aPacific Marine Environmental Laboratory (U.S.)
=710  2\$aTropical Atmosphere Ocean Project.
=856  40$uhttp://www.pmel.noaa.gov/tao/disdel/disdel.html$yResearch Datasets Collection
=859  \\$aXLD$bdatasets
=CAT  \\$aRESDATASET$b00$c20110825$lBLL01$h1145
=CAT  \\$a7332$b40$c20110914$lBLL01$h1000
=CAT  \\$aBATCH-UPD$b40$c20120821$lBLL01$h1643
=CAT  \\$aBATCH-UPD$b40$c20121018$lBLL01$h1010
=CAT  \\$aWR13.117$c20130718$lBLL01$h1857
=CAT  \\$aW1606-1753$c20171028$lBLL01$h1342
=FIN  \\$aY$d20110914
=FMT  \\$a  SE
=LAS  \\$aW1606-1753$b00$c20171028$lBLL01$h1342
=SRC  \\$aBLDatasets$bstm_datasets_20110825_mrc.xml
=TCO  \\$aZZZ$c008

