=LDR  02577 ai a2200577 a 4500
=001  015876711
=003  Uk
=005  20120111113614.0
=006  m\\\\\\\\m\|\\\\\\
=007  cr\|||||||||||
=008  110825c200u9999sw\uu\d\o\\\\\0\\\a2eng\\
=024  7\$astm20100429a$2local
=040  \\$aUk$beng$cUk
=042  \\$aukblsr
=082  04$a551.6015118$223
=245  00$a[Swedish Meteorological and Hydrological Institute climate scenario data]$h[electronic resource].
=246  3\$aSMHI climate scenario data
=260  \\$aNorrköping :$bSwedish Meteorological and Hydrological Institute
=336  \\$atext$2rdacontent
=337  \\$acomputer$2rdamedia
=338  \\$aonline resource$2rdacarrier
=500  \\$aTitle supplied by cataloguer (publisher's Web site, viewed Sept. 16, 2011).
=506  \\$aData are free to access.
=516  \\$aASCII.
=520  \\$aProvides modelled data from 4 scenario models produced by the SMHI. Parameters include long and short wave radiation, evaporation, wind speed, lake ice thickness, precipitation, surface run off, fractional snow cover and depth, sunshine duration, 2 meter temperature, sea level pressure. The two models cover 1961 - 2100. One model was run three times with differing initial conditions and data is given for each. The NetCDF files are accessed by navigating the file system for the model of interest.
=538  \\$aMode of access: World Wide Web.
=540  \\$aNot stated.
=584  \\$aData are created by the SMHI.
=650  \0$aClimatology$xMathematical models$vDatabases.
=650  \0$aAtmospheric models$vDatabases.
=653  2\$aLiving With Environmental Change
=655  \7$aDataset.$2local
=655  \7$aModelled data.$2local
=655  \7$aMonitoring data.$2local
=655  \7$aReference data.$2local
=690  7\$aResearch Datasets Collection$2blcoll
=710  2\$aSveriges meteorologiska och hydrologiska institut.
=856  40$uhttp://www.smhi.se/en/2.575/Climate-scenarios/scenario-data-1.8407$yResearch Datasets Collection
=859  \\$aXLD$bdatasets
=CAT  \\$aRESDATASET$b00$c20110825$lBLL01$h1145
=CAT  \\$a7332$b40$c20110916$lBLL01$h1237
=CAT  \\$a7332$b40$c20120111$lBLL01$h1136
=CAT  \\$aBATCH-UPD$b40$c20120821$lBLL01$h1643
=CAT  \\$aBATCH-UPD$b40$c20121018$lBLL01$h1010
=CAT  \\$aWR13.117$c20130718$lBLL01$h1857
=CAT  \\$aW1606-1753$c20171028$lBLL01$h1342
=FIN  \\$aY$d20110916
=FMT  \\$a  SE
=LAS  \\$aW1606-1753$b00$c20171028$lBLL01$h1342
=SRC  \\$aBLDatasets$bstm_datasets_20110825_mrc.xml
=TCO  \\$aZZZ$c008

