=LDR  02493 ai a2200601 a 4500
=001  015876712
=003  Uk
=005  20140212091153.0
=006  m\\\\\\\\m\|\\\\\\
=007  cr\|||||||||||
=008  110825c200u9999xxuuu\d\o\\\\\0\\\a2eng\\
=024  7\$astm20101213c$2local
=040  \\$aUk$beng$cUk$dUk
=042  \\$aukblsr
=082  04$a551.480973$223
=245  00$aUSGS National Water Quality Assessment data warehouse$h[electronic resource].
=246  3\$aUSGA NAWQA
=260  \\$a[Washington, D.C.] :$bUSGS NAWQA
=336  \\$atext$2rdacontent
=337  \\$acomputer$2rdamedia
=338  \\$aonline resource$2rdacarrier
=500  \\$aTitle from home page (viewed on Sept. 13, 2011).
=506  \\$aData are free to access.
=520  \\$aThe U.S. Geological Survey (USGS) began its NAWQA (National Water Quality Assessment) program in 1991, systematically collecting chemical (e.g. chemistry data from water, sediment and organisms, including nutrient and pesticide levels) data; biological community data, and characteristics of sites, basins and wells (including daily stream flows and groundwater levels) from catchment areas across the US.
=522  \\$aUnited States.
=538  \\$aMode of access: World Wide Web.
=540  \\$aPublic domain.
=584  \\$aAccepting data submissions: No.
=650  \0$aWater$zUnited States$vDatabases.
=650  \0$aWater quality$zUnited States$vDatabases.
=650  \0$aWater$xPollution$zUnited States$vDatabases.
=653  2\$aLiving With Environmental Change
=655  \7$aDataset.$2local
=655  \7$aMonitoring data.$2local
=655  \7$aReference data.$2local
=690  7\$aResearch Datasets Collection$2blcoll
=710  2\$aNational Water-Quality Assessment Program (U.S.)
=710  2\$aGeological Survey (U.S.)
=856  40$uhttp://cida.usgs.gov/nawqa_public/apex/f?p=136:1:0$yResearch Datasets Collection
=859  \\$aXLD$bdatasets
=CAT  \\$aRESDATASET$b00$c20110825$lBLL01$h1145
=CAT  \\$a7332$b40$c20110913$lBLL01$h0811
=CAT  \\$aBATCH-UPD$b40$c20120821$lBLL01$h1643
=CAT  \\$aBATCH-UPD$b40$c20121018$lBLL01$h1010
=CAT  \\$aWR13.117$c20130718$lBLL01$h1857
=CAT  \\$a7332$b40$c20130927$lBLL01$h1334
=CAT  \\$a7332$b40$c20140212$lBLL01$h0911
=CAT  \\$aW1606-1753$c20171028$lBLL01$h1342
=FIN  \\$aY$d20110913
=FMT  \\$a  SE
=LAS  \\$aW1606-1753$b00$c20171028$lBLL01$h1342
=SRC  \\$aBLDatasets$bstm_datasets_20110825_mrc.xml
=TCO  \\$aZZZ$c008

