=LDR  03548 ai a2200637 a 4500
=001  015876713
=003  Uk
=005  20120402110203.0
=006  m\\\\\\\\m\|\\\\\\
=007  cr\|||||||||||
=008  110825c200u9999gw\uu\d\o\\\\\0\\\a2eng\\
=024  7\$astm20101001e$2local
=040  \\$aUk$beng$cUk
=041  0\$aeng$ager$afre
=042  \\$aukblsr
=082  04$a577.096$223
=245  00$aBIOTA AFRICA:$h[electronic resource]$bdata portal.
=260  \\$aHamburg :$bBiocentre Klein Flottbek and Botanical Garden, University of Hamburg
=336  \\$atext$2rdacontent
=337  \\$acomputer$2rdamedia
=338  \\$aonline resource$2rdacarrier
=500  \\$aTitle from Web page (viewed on Mar. 21, 2012).
=506  \\$aData are free to access.
=516  \\$atext/html; text/csv.
=520  \\$aBIOTA Africa aims to make data relevant to the research of African biodiversity available to researchers, organisations and institutions interested in that data. Data available includes: Hourly, daily and monthly weather data for 28 stations in Southern Africa (covering Namibia and South Africa) - measurements include air and soil temperature, mm's or rain, relative air and soil humidity, wind speed and direction, wetness and solar radiation; Soil data for Southern Africa across 22 1-hectare plots; Geodata for East Africa (Kenya and Uganda), with GIS data covering topography, vegetation, climate, geology, soils, population, hydrography, forest and land cover and use - a password is required to download GIS data, but some are available to view in a WebGIS application using AdobeSVG; Lists of plant species in 27 plots in Southern Africa; Lists of tree species in the Kakamega and Budongo forest; Vegetation cover for a two 1-hectare plots in Morocco; species lists of amphibians, reptiles, birds, dragonflies, bees, butterflies, fruit flies and ants from the Kakamega forest.
=522  \\$aAfrica (continent).
=538  \\$aMode of access: World Wide Web.
=540  \\$aThe BIOTA AFRICA scientists retain all rights, including copyrights in data, image, text, and any other information contained in these files.
=546  \\$aInterface in English, German and French.
=584  \\$aData are collated by BIOTA Africa from multiple researchers and projects.
=584  \\$aAccepting data submissions: No.
=650  \0$aBiodiversity$zAfrica$vDatabases.
=653  2\$aLiving With Environmental Change
=655  \7$aDataset.$2local
=655  \7$aObservational data.$2local
=655  \7$aMonitoring data.$2local
=655  \7$aReference data.$2local
=690  7\$aResearch Datasets Collection$2blcoll
=710  1\$aGermany.$bBundesministerium für Bildung und Forschung.
=710  2\$aUniversität Hamburg.$bBiozentrum Klein Flottbek und Botanischer Garten.
=710  2\$aBIOTA AFRICA (Project)
=856  40$uhttp://www.biota-africa.org/reg_disciplines_main_ba.php?Page_ID=L600$yResearch Datasets Collection
=859  \\$aXLD$bdatasets
=CAT  \\$aRESDATASET$b00$c20110825$lBLL01$h1145
=CAT  \\$a7332$b40$c20120321$lBLL01$h1308
=CAT  \\$a7332$b40$c20120402$lBLL01$h1102
=CAT  \\$aBATCH-UPD$b40$c20120405$lBLL01$h2138
=CAT  \\$aBATCH-UPD$b40$c20120821$lBLL01$h1643
=CAT  \\$aBATCH-UPD$b40$c20121018$lBLL01$h1009
=CAT  \\$aWR13.117$c20130718$lBLL01$h1857
=CAT  \\$aW1606-1753$c20171028$lBLL01$h1342
=FIN  \\$aY$d20120321
=FMT  \\$a  SE
=LAS  \\$aW1606-1753$b00$c20171028$lBLL01$h1342
=SRC  \\$aBLDatasets$bstm_datasets_20110825_mrc.xml
=TCO  \\$aZZZ$c008

