=LDR  02744 ai a2200685 a 4500
=001  015876714
=003  Uk
=005  20140115131717.0
=006  m\\\\\\\\m\|\\\\\\
=007  cr\|||||||||||
=008  110825c200u9999xxcuu\d\o\\\\\0\\\a2eng\\
=024  7\$astm20100211l$2local
=040  \\$aUk$beng$cUk$dUk
=041  0\$aeng$afre
=042  \\$aukblsr
=082  04$a551.46131$223
=245  00$aOperational remote sensing$h[electronic resource].
=246  1\$iFrench interface title:$aTeÌleÌdeÌtection opeÌrationnelle
=260  \\$aDartmouth :$bBedford Institute of Oceanography.
=310  \\$aMonthly
=336  \\$atext$2rdacontent
=337  \\$acomputer$2rdamedia
=338  \\$aonline resource$2rdacarrier
=500  \\$aTitle from home page (viewed on January 15, 2014).
=506  \\$aData are free to access.
=516  \\$aimage/jpg.
=518  \\$a1997-.
=520  \\$aProvides remote sensing images of chlorophyll concentrations and sea surface temperatures for the North West Atlantic.
=522  \\$aNorth Atlantic Ocean.
=538  \\$aMode of access: World Wide Web.
=540  \\$aThe material on this site is covered by the provisions of the Copyright Act, and by Canadian laws, policies, regulations and international agreements.
=546  \\$aInterface in English and French.
=584  \\$aData are collated by Fisheries and Oceans Canada.
=584  \\$aAccepting data submissions: No.
=650  \0$aChlorophyll$zNorth Atlantic Ocean$xRemote sensing$vDatabases.
=650  \0$aOcean temperature$zNorth Atlantic Ocean$vObservations$vDatabases.
=650  \0$aOceanography$xResearch$zNorth Atlantic Ocean$vDatabases.
=653  2\$aLiving With Environmental Change
=655  \7$aDataset.$2local
=655  \7$aObservational data.$2local
=655  \7$aMonitoring data.$2local
=655  \7$aReference data.$2local
=690  7\$aResearch Datasets Collection$2blcoll
=710  2\$aBedford Institute of Oceanography.
=856  40$uhttp://www.bio.gc.ca/science/newtech-technouvelles/sensing-teledetection/index-eng.php$yResearch Datasets Collection
=859  \\$aXLD$bdatasets
=985  \\$aRecord amended for WR# 13/070
=CAT  \\$aRESDATASET$b00$c20110825$lBLL01$h1145
=CAT  \\$a7332$b40$c20111102$lBLL01$h1026
=CAT  \\$aBATCH-UPD$b40$c20120821$lBLL01$h1643
=CAT  \\$aBATCH-UPD$b40$c20121018$lBLL01$h1009
=CAT  \\$aWR13_070$b00$c20130504$lBLL01$h0333
=CAT  \\$aWR13.117$c20130718$lBLL01$h1857
=CAT  \\$a7332$b40$c20140115$lBLL01$h1317
=CAT  \\$aW1606-1753$c20171028$lBLL01$h1342
=FIN  \\$aY$d20111102
=FMT  \\$a  SE
=LAS  \\$aW1606-1753$b00$c20171028$lBLL01$h1342
=SRC  \\$aBLDatasets$bstm_datasets_20110825_mrc.xml
=TCO  \\$aZZZ$c008

