=LDR  03012 ai a2200721 a 4500
=001  015876716
=003  Uk
=005  20111018151528.0
=006  m\\\\\\\\m\|\\\\\\
=007  cr\|||||||||||
=008  110825c19959999xxcuu\d\o\\\\\0\\\a2eng\\
=024  7\$astm20100211s$2local
=040  \\$aUk$beng$cUk
=041  0\$aeng$afre
=042  \\$aukblsr
=082  04$a551.462$223
=245  00$aCanadian tracked data$h[electronic resource].
=246  1\$iFrench interface title:$aDonneÌes canadiennes suivies
=246  3\$aCanadian tracked ARGO data
=246  3\$aCanadian tracked float data & information
=260  \\$aOttawa :$bFisheries and Oceans Canada
=336  \\$atext$2rdacontent
=337  \\$acomputer$2rdamedia
=338  \\$aonline resource$2rdacarrier
=500  \\$aTitle from home page (viewed on Oct. 18, 2011).
=506  \\$aData are free to access.
=516  \\$atext/csv; NetCDF.
=518  \\$a1995-.
=520  \\$aProvides data from Canadian tracked ARGO floats, collecting temperature and salinity data. Data can be accessed per float using a map or ID browse.
=522  \\$aNorth Atlantic Ocean; North Pacific Ocean.
=538  \\$aMode of access: World Wide Web.
=540  \\$aThe material on this site is covered by the provisions of the Copyright Act, and by Canadian laws, policies, regulations and international agreements.
=546  \\$aInterface in English and French.
=584  \\$aData are collated by Fisheries and Oceans Canada.
=584  \\$aAccepting data submissions: No.
=650  \0$aOcean temperature$zNorth Atlantic Ocean$vObservations$vDatabases.
=650  \0$aOcean temperature$zNorth Pacific Ocean$vObservations$vDatabases.
=650  \0$aOceanography$xResearch$zNorth Atlantic Ocean$vDatabases.
=650  \0$aOceanography$xResearch$zNorth Pacific Ocean$vDatabases.
=650  \0$aSalinity$zNorth Atlantic Ocean$vObservations$vDatabases.
=650  \0$aSalinity$zNorth Pacific Ocean$vObservations$vDatabases.
=653  2\$aLiving With Environmental Change
=655  \7$aDataset.$2local
=655  \7$aMonitoring data.$2local
=655  \7$aReference data.$2local
=690  7\$aResearch Datasets Collection$2blcoll
=710  1\$aCanada.$bDepartment of Fisheries and Oceans.
=856  40$uhttp://www.meds-sdmm.dfo-mpo.gc.ca/isdm-gdsi/argo/index-eng.html$yResearch Datasets Collection
=859  \\$aXLD$bdatasets
=985  \\$aRecord amended for WR# 13/070
=CAT  \\$aRESDATASET$b00$c20110825$lBLL01$h1145
=CAT  \\$a7332$b40$c20111018$lBLL01$h1511
=CAT  \\$a7332$b40$c20111018$lBLL01$h1515
=CAT  \\$aBATCH-UPD$b40$c20120821$lBLL01$h1643
=CAT  \\$aBATCH-UPD$b40$c20121018$lBLL01$h1010
=CAT  \\$aWR13_070$b00$c20130504$lBLL01$h0333
=CAT  \\$aWR13.117$c20130718$lBLL01$h1857
=CAT  \\$aW1606-1753$c20171028$lBLL01$h1342
=FIN  \\$aY$d20111018
=FMT  \\$a  SE
=LAS  \\$aW1606-1753$b00$c20171028$lBLL01$h1342
=SRC  \\$aBLDatasets$bstm_datasets_20110825_mrc.xml
=TCO  \\$aZZZ$c008

