=LDR  03082 ai a2200697 a 4500
=001  015876717
=003  Uk
=005  20111206125743.0
=006  m\\\\\\\\m\|\\\\\\
=007  cr\|||||||||||
=008  110825c200u9999xxcuu\d\o\\\\\0\\\a2eng\\
=024  7\$astm20100211h$2local
=040  \\$aUk$beng$cUk
=041  0\$aeng$afre
=042  \\$aukblsr
=082  04$a551.462$223
=245  00$aDrifting buoys$h[electronic resource].
=246  1\$iFrench interface title:$aBoueÌes deÌrivantes
=260  \\$aOttawa :$bFisheries and Oceans Canada
=336  \\$atext$2rdacontent
=337  \\$acomputer$2rdamedia
=338  \\$aonline resource$2rdacarrier
=500  \\$aTitle from home page (viewed on Oct. 18, 2011).
=506  \\$aSome data require permission to access.
=516  \\$atext/csv; text/plain.
=520  \\$aProvides an inventory of available drifting buoy data from the Global Telecommunications Service, indicating the location of recorded data, which includes wind direction and speed, surface and water temperature and air pressure. These data must be requested. Surface drifter data from 1979-2007 can be found by ocean basin and year, downloaded to zipped .CSV files. Deep drifter data are also available to download in ASCII format from 1980-1996.
=522  \\$aNorth Atlantic Ocean.
=538  \\$aMode of access: World Wide Web.
=540  \\$aThe material on this site is covered by the provisions of the Copyright Act, and by Canadian laws, policies, regulations and international agreements.
=546  \\$aInterface in English and French.
=584  \\$aData are extracted from the Global Telecommunications Service by Fisheries and Oceans Canada.
=584  \\$aAccepting data submissions: No.
=650  \0$aOcean circulation$vDatabases.
=650  \0$aOcean currents$vDatabases.
=650  \0$aOceanographic buoys.
=650  \0$aOceanography$vDatabases.
=653  2\$aLiving With Environmental Change
=655  \7$aDataset.$2local
=655  \7$aMonitoring data.$2local
=655  \7$aLongitudinal data.$2local
=655  \7$aReference data.$2local
=690  7\$aResearch Datasets Collection$2blcoll
=710  1\$aCanada.$bDepartment of Fisheries and Oceans.
=710  2\$aIntegrated Science Data Management (Canada)
=856  40$uhttp://www.meds-sdmm.dfo-mpo.gc.ca/isdm-gdsi/drib-bder/index-eng.htm$yResearch Datasets Collection
=859  \\$aXLD$bdatasets
=985  \\$aRecord amended for WR# 13/070
=CAT  \\$aRESDATASET$b00$c20110825$lBLL01$h1145
=CAT  \\$a7332$b40$c20111018$lBLL01$h1304
=CAT  \\$a7332$b40$c20111018$lBLL01$h1326
=CAT  \\$a7332$b40$c20111206$lBLL01$h1257
=CAT  \\$aBATCH-UPD$b40$c20120821$lBLL01$h1643
=CAT  \\$aBATCH-UPD$b40$c20121018$lBLL01$h1009
=CAT  \\$aWR13_070$b00$c20130504$lBLL01$h0333
=CAT  \\$aWR13.117$c20130718$lBLL01$h1857
=CAT  \\$aW1606-1753$c20171028$lBLL01$h1342
=FIN  \\$aY$d20111018
=FMT  \\$a  SE
=LAS  \\$aW1606-1753$b00$c20171028$lBLL01$h1342
=SRC  \\$aBLDatasets$bstm_datasets_20110825_mrc.xml
=TCO  \\$aZZZ$c008

