=LDR  03111 ai a2200697 a 4500
=001  015876720
=003  Uk
=005  20111019075157.0
=006  m\\\\\\\\m\|\\\\\\
=007  cr\|||||||||||
=008  110825c200u9999xxcuu\d\o\\\\\0\\\a2eng\\
=024  7\$astm20100211e$2local
=040  \\$aUk$beng$cUk
=041  0\$aeng$afre
=042  \\$aukblsr
=082  04$a551.4640971$223
=245  00$aCanadian tides and water levels data archive$h[electronic resource].
=246  1\$iFrench interface title:$aArchives canadiennes des donneÌes sur les mareÌes et niveaux d'eau
=260  \\$aOttawa :$bFisheries and Oceans Canada
=336  \\$atext$2rdacontent
=337  \\$acomputer$2rdamedia
=338  \\$aonline resource$2rdacarrier
=500  \\$aTitle from home page (viewed on Oct. 19, 2011).
=506  \\$aNone.
=516  \\$atext/html; text/csv.
=520  \\$aHolds tide and sea level data for the Canadian coast, by station and date range. Many stations may only have data available for a single year, and some data are not yet available online. Available data can be viewed online or downloaded in CSV format. Weekly bulletins for the previous weeks means, minimum and maximum sea levels are available.
=522  \\$aNorth Atlantic Ocean; North Pacific Ocean.
=538  \\$aMode of access: World Wide Web.
=540  \\$aThe material on this site is covered by the provisions of the Copyright Act, and by Canadian laws, policies, regulations and international agreements.
=546  \\$aInterface in English and French.
=584  \\$aAccepting data submissions: no.
=650  \0$aOcean currents$zBritish Columbia$zPacific Coast$vDatabases.
=650  \0$aOcean currents$zCanada$zAtlantic Coast$vDatabases.
=650  \0$aSea level$zBritish Columbia$zPacific Coast$vDatabases.
=650  \0$aSea level$zCanada$zAtlantic Coast$vDatabases.
=650  \0$aTides$zBritish Columbia$zPacific Coast$vDatabases.
=650  \0$aTides$zCanada$zAtlantic Coast$vDatabases.
=653  2\$aLiving With Environmental Change
=655  \7$aDataset.$2local
=655  \7$aMonitoring data.$2local
=655  \7$aLongitudinal data.$2local
=655  \7$aReference data.$2local
=690  7\$aResearch Datasets Collection$2blcoll
=710  1\$aCanada.$bDepartment of Fisheries and Oceans.
=856  40$uhttp://www.meds-sdmm.dfo-mpo.gc.ca/isdm-gdsi/twl-mne/index-eng.htm$yResearch Datasets Collection
=859  \\$aXLD$bdatasets
=985  \\$aRecord amended for WR# 13/070
=CAT  \\$aRESDATASET$b00$c20110825$lBLL01$h1145
=CAT  \\$a7332$b40$c20111019$lBLL01$h0739
=CAT  \\$a7332$b40$c20111019$lBLL01$h0749
=CAT  \\$a7332$b40$c20111019$lBLL01$h0751
=CAT  \\$aBATCH-UPD$b40$c20120821$lBLL01$h1643
=CAT  \\$aBATCH-UPD$b40$c20121018$lBLL01$h1009
=CAT  \\$aWR13_070$b00$c20130504$lBLL01$h0333
=CAT  \\$aWR13.117$c20130718$lBLL01$h1857
=CAT  \\$aW1606-1753$c20171028$lBLL01$h1342
=FIN  \\$aY$d20111019
=FMT  \\$a  SE
=LAS  \\$aW1606-1753$b00$c20171028$lBLL01$h1342
=SRC  \\$aBLDatasets$bstm_datasets_20110825_mrc.xml
=TCO  \\$aZZZ$c008

