=LDR  02951 ai a2200661 a 4500
=001  015876724
=003  Uk
=005  20130927125303.0
=006  m\\\\\\\\m\|\\\\\\
=007  cr\|||||||||||
=008  110825c200u9999xxcuu\d\o\\\\\0\\\a2eng\\
=024  7\$astm20100211i$2local
=040  \\$aUk$beng$cUk$dUk
=041  0\$aeng$afre
=042  \\$aukblsr
=082  04$a551.4653$223
=245  00$aSatellite imagery (remote sensing)$h[electronic resource] :$bsea surface temperature.
=246  1\$iFrench interface title:$aImagerie satellitaire (TeÌleÌdeÌtection)
=260  \\$aRimouski :$bSt. Lawrence Global Observatory
=336  \\$atext$2rdacontent
=337  \\$acomputer$2rdamedia
=338  \\$aonline resource$2rdacarrier
=500  \\$aTitle from home page (viewed on Oct. 18, 2011).
=506  \\$aData are free to access.
=516  \\$aimage/png; NetCDF; HDF4; text/csv; text/plain
=520  \\$aProvides visualisations of remotely-sensed sea surface temperatures of the ocean surrounding Canada. Results can be displayed by date, as a mean of temperatures observed between 1 and 15 days from your selection. Data can be centred on a location by browsing the map and can be downloaded as a .png image. Advanced mode allows you to select a date and spatial range of interest, and download data in several formats.
=522  \\$aNorth Atlantic Ocean.
=538  \\$aMode of access: World Wide Web.
=540  \\$aThe material on this site is covered by the provisions of the Copyright Act, and by Canadian laws, policies, regulations and international agreements.
=546  \\$aInterface in English and French.
=584  \\$aData are generated by St. Lawrence Global Observatory.
=650  \0$aArtificial satellites in oceanography.
=650  \0$aOcean temperature$vDatabases.
=653  2\$aLiving With Environmental Change
=655  \7$aDataset.$2local
=655  \7$aObservational data.$2local
=655  \7$aMonitoring data.$2local
=655  \7$aReference data.$2local
=690  7\$aResearch Datasets Collection$2blcoll
=710  1\$aCanada.$bDepartment of Fisheries and Oceans.
=710  2\$aSt. Lawrence Global Observatory.
=856  40$uhttp://slgo.ca/en/remotesensing/data.html$yResearch Datasets Collection
=859  \\$aXLD$bdatasets
=985  \\$aRecord amended for WR# 13/070
=CAT  \\$aRESDATASET$b00$c20110825$lBLL01$h1145
=CAT  \\$a7332$b40$c20111018$lBLL01$h0858
=CAT  \\$a7332$b40$c20120111$lBLL01$h1127
=CAT  \\$aBATCH-UPD$b40$c20120821$lBLL01$h1643
=CAT  \\$aBATCH-UPD$b40$c20121018$lBLL01$h1009
=CAT  \\$aWR13_070$b00$c20130504$lBLL01$h0333
=CAT  \\$aWR13.117$c20130718$lBLL01$h1857
=CAT  \\$a7332$b40$c20130927$lBLL01$h1253
=CAT  \\$aW1606-1753$c20171028$lBLL01$h1342
=FIN  \\$aY$d20111018
=FMT  \\$a  SE
=LAS  \\$aW1606-1753$b00$c20171028$lBLL01$h1342
=SRC  \\$aBLDatasets$bstm_datasets_20110825_mrc.xml
=TCO  \\$aZZZ$c008

