=LDR  02215 ai a2200553 a 4500
=001  015876726
=003  Uk
=005  20111219131659.0
=006  m\\\\\\\\m\|\\\\\\
=007  cr\|||||||||||
=008  110825c200u9999xxuuu\d\o\\\\\0\\\a2eng\\
=024  7\$astm20100217a$2local
=040  \\$aUk$beng$cUk
=042  \\$aukblsr
=082  04$a333.7940973$223
=245  00$aDynamic maps, GIS data & analysis tools$h[electronic resource].
=246  3\$aNREL GIS
=260  \\$a[Golden] :$bNational Renewable Energy Laboratory
=336  \\$atext$2rdacontent
=337  \\$acomputer$2rdamedia
=338  \\$aonline resource$2rdacarrier
=500  \\$aTitle from home page (viewed on Dec. 19, 2011).
=506  \\$aUsers must register to access data.
=516  \\$aGIS data files.
=520  \\$aNREL GIS offers resource maps of renewable energy sources across the United States. It provides international solar and wind data and U.S. solar, wind, biomass, hydrogen and 'other' energy data for use in GIS software. These files can be downloaded via FTP. Dynamic maps that allow the overlay of various data are visualised on the site.
=538  \\$aMode of access: World Wide Web.
=540  \\$aPublic Domain.
=584  \\$aData are created by NREL.
=584  \\$aAccepting data submissions: No.
=650  \0$aRenewable energy sources$zUnited States$vMaps$vDatabases.
=653  2\$aLiving With Environmental Change
=655  \7$aDataset.$2local
=655  \7$aMonitoring data.$2local
=655  \7$aReference data.$2local
=690  7\$aResearch Datasets Collection$2blcoll
=710  2\$aNational Renewable Energy Laboratory (U.S.)
=856  40$uhttp://www.nrel.gov/gis/$yResearch Datasets Collection
=859  \\$aXLD$bdatasets
=CAT  \\$aRESDATASET$b00$c20110825$lBLL01$h1145
=CAT  \\$a7332$b40$c20111219$lBLL01$h1316
=CAT  \\$aBATCH-UPD$b40$c20120821$lBLL01$h1643
=CAT  \\$aBATCH-UPD$b40$c20121018$lBLL01$h1010
=CAT  \\$aWR13.117$c20130718$lBLL01$h1857
=CAT  \\$aW1606-1753$c20171028$lBLL01$h1342
=FIN  \\$aY$d20111219
=FMT  \\$a  SE
=LAS  \\$aW1606-1753$b00$c20171028$lBLL01$h1342
=SRC  \\$aBLDatasets$bstm_datasets_20110825_mrc.xml
=TCO  \\$aZZZ$c008

