=LDR  02222 ai a2200565 a 4500
=001  015876727
=003  Uk
=005  20120210170722.0
=006  m\\\\\\\\m\|\\\\\\
=007  cr\|||||||||||
=008  110825c200u9999be\uu\d\o\\\\\0\\\a2eng\\
=024  7\$astm20100128f$2local
=040  \\$aUk$beng$cUk
=042  \\$aukblsr
=082  04$a551.458$223
=245  00$aSea level station monitoring facility$h[electronic resource].
=260  \\$aOostende :$bFlanders Marine Institute
=336  \\$atext$2rdacontent
=337  \\$acomputer$2rdamedia
=338  \\$aonline resource$2rdacarrier
=500  \\$aTitle from home page (viewed on Feb. 10, 2012).
=506  \\$aData are free to access.
=516  \\$atext/html; text/plain.
=520  \\$aReal-time tide gauge data are available by station. If you navigate to 'Database services' archived data can be accessed. The earliest date for records at each station is not given, but up to 30 days of data can be viewed at one time and then downloaded. This page will also allow you to graph the data queried.
=522  \\$aAfrica (continent).
=538  \\$aMode of access: World Wide Web.
=540  \\$aNot stated.
=584  \\$aData are generated by African sea level stations.
=584  \\$aAccepting data submissions: No.
=650  \0$aSea level$vObservations$vDatabases.
=653  2\$aFlooding
=655  \7$aDataset.$2local
=655  \7$aMonitoring data.$2local
=655  \7$aReference data.$2local
=690  7\$aResearch Datasets Collection$2blcoll
=710  2\$aVlaams Instituut voor de Zee.
=710  2\$aIntergovernmental Oceanographic Commission.
=856  40$uhttp://www.ioc-sealevelmonitoring.org/list.php$yResearch Datasets Collection
=859  \\$aXLD$bdatasets
=CAT  \\$aRESDATASET$b00$c20110825$lBLL01$h1145
=CAT  \\$a7332$b40$c20120210$lBLL01$h1707
=CAT  \\$aBATCH-UPD$b40$c20120821$lBLL01$h1643
=CAT  \\$aBATCH-UPD$b40$c20121018$lBLL01$h1010
=CAT  \\$aWR13.117$c20130718$lBLL01$h1857
=CAT  \\$aW1606-1753$c20171028$lBLL01$h1342
=FIN  \\$aY$d20120210
=FMT  \\$a  SE
=LAS  \\$aW1606-1753$b00$c20171028$lBLL01$h1342
=SRC  \\$aBLDatasets$bstm_datasets_20110825_mrc.xml
=TCO  \\$aZZZ$c008

