=LDR  02721 ai a2200673 a 4500
=001  015876728
=003  Uk
=005  20111020103924.0
=006  m\\\\\\\\m\|\\\\\\
=007  cr\|||||||||||
=008  110825c20079999be\uu\d\o\\\\\0\\\a2eng\\
=024  7\$astm20100218g$2local
=040  \\$aUk$beng$cUk
=042  \\$aukblsr
=082  04$a912.6$223
=245  00$aAfrican marine atlas$h[electronic resource].
=246  3\$aAMA
=260  \\$aOstend :$bIOC,$c2007-
=336  \\$atext$2rdacontent
=337  \\$acomputer$2rdamedia
=338  \\$aonline resource$2rdacarrier
=500  \\$aTitle from home page (viewed on Sept. 26, 2011).
=506  \\$aData are free to access.
=516  \\$atext/html.
=520  \\$aProvides visualisation of maps, images, data and resource information of the African continents' marine environment, including geo-, hydro-, atmos- and biosphere data and geo-political information, collated geospatially to aid governmental, business and NGO planning. Map layers can be selected and the ROSA tool used to select those of interest (disable ROSA to view which mode is being used first).
=522  \\$aAfrica.
=538  \\$aMode of access: World Wide Web.
=540  \\$aNot stated.
=584  \\$aAccepting data submissions: No.
=650  \0$aMarine ecology$zAfrica$vMaps.
=650  \0$aCoastal ecology$zAfrica$vMaps.
=650  \0$aOceanography$zAfrica$vCharts, diagrams, etc.
=650  \0$aEnvironmental monitoring$zAfrica$vMaps.
=650  \0$aMarine resources$zAfrica$vMaps.
=651  \0$aAfrica$xGeographic information systems.
=651  \0$aAfrica$xEnvironmental conditions$vMaps.
=651  \0$aAfrica$xEconomic conditions$vMaps.
=653  2\$aLiving With Environmental Change
=655  \7$aDataset.$2local
=655  \7$aLongitudinal data.$2local
=655  \7$aMonitoring data.$2local
=655  \7$aReference data.$2local
=690  7\$aResearch Datasets Collection$2blcoll
=710  2\$aOcean Data and Information Network for Africa.
=710  2\$aInternational Oceanographic Data and Information Exchange (Programme)
=856  40$uhttp://www.africanmarineatlas.org/$yResearch Datasets Collection
=859  \\$aXLD$bdatasets
=CAT  \\$aRESDATASET$b00$c20110825$lBLL01$h1145
=CAT  \\$a7332$b40$c20110927$lBLL01$h1244
=CAT  \\$a7332$b40$c20111020$lBLL01$h1039
=CAT  \\$aBATCH-UPD$b40$c20120821$lBLL01$h1643
=CAT  \\$aBATCH-UPD$b40$c20121018$lBLL01$h1009
=CAT  \\$aWR13.117$c20130718$lBLL01$h1857
=CAT  \\$aW1606-1753$c20171028$lBLL01$h1342
=FIN  \\$aY$d20110927
=FMT  \\$a  SE
=LAS  \\$aW1606-1753$b00$c20171028$lBLL01$h1342
=SRC  \\$aBLDatasets$bstm_datasets_20110825_mrc.xml
=TCO  \\$aZZZ$c008

