=LDR  02418 ai a2200601 a 4500
=001  015876729
=003  Uk
=005  20111219135928.0
=006  m\\\\\\\\m\|\\\\\\
=007  cr\|||||||||||
=008  110825c200u9999be\uu\d\o\\\\\0\\\a2eng\\
=024  7\$astm20100804g$2local
=040  \\$aUk$beng$cUk
=042  \\$aukblsr
=082  04$a591.7731$223
=245  00$aERMS taxon search$h[electronic resource].
=246  3\$aEuropean Register of Marine Species taxon search
=260  \\$aOostende :$bFlanders Marine Institute (VLIZ)
=336  \\$atext$2rdacontent
=337  \\$acomputer$2rdamedia
=338  \\$aonline resource$2rdacarrier
=500  \\$aTitle from Web page (viewed on Dec. 19, 2011).
=506  \\$aData are free to access.
=510  3\$u2856535380
=516  \\$atext/html; image/jpg.
=520  \\$aProvides a taxonomic list of marine species occurring in European waters. Searches by scientific or common name will list species records. Records give a list of vernacular names in available European languages, as well as images where available. Species distribution can be viewed and downloaded, but users will need to install Adobe SVG.
=538  \\$aMode of access: World Wide Web.
=540  \\$aNot stated.
=584  \\$aData are aggregated by MarBEF.
=584  \\$aAccepting data submissions: No.
=650  \0$aMarine animals$zEurope$vClassification$vDatabases.
=650  \0$aMarine animals$zEurope$xGeographical distribution$vDatabases.
=650  \0$aMarine biology$zEurope$vDatabases.
=653  2\$aLiving With Environmental Change
=655  \7$aDataset.$2local
=655  \7$aReference data.$2local
=655  \7$aMonitoring data.$2local
=690  7\$aResearch Datasets Collection$2blcoll
=710  2\$aMarBEF (Organization)
=710  2\$aVlaams Instituut voor de Zee.
=856  40$uhttp://www.marbef.org/data/aphia.php?p=search$yResearch Datasets Collection
=859  \\$aXLD$bdatasets
=CAT  \\$aRESDATASET$b00$c20110825$lBLL01$h1145
=CAT  \\$a7332$b40$c20111219$lBLL01$h1359
=CAT  \\$aBATCH-UPD$b40$c20120821$lBLL01$h1643
=CAT  \\$aBATCH-UPD$b40$c20121018$lBLL01$h1010
=CAT  \\$aWR13.117$c20130718$lBLL01$h1857
=CAT  \\$aW1606-1753$c20171028$lBLL01$h1342
=FIN  \\$aY$d20111219
=FMT  \\$a  SE
=LAS  \\$aW1606-1753$b00$c20171028$lBLL01$h1342
=SRC  \\$aBLDatasets$bstm_datasets_20110825_mrc.xml
=TCO  \\$aZZZ$c008

