=LDR  01942 ai a2200541 a 4500
=001  015876731
=003  Uk
=005  20120203112935.0
=006  m\\\\\\\\m\|\\\\\\
=007  cr\|||||||||||
=008  110825c20069999be\uu\d\o\\\\\0\\\a2eng\\
=024  7\$astm20110114c$2local
=040  \\$aUk$beng$cUk
=042  \\$aukblsr
=082  04$a577.5109493$223
=245  00$aIntegrated risk assessment and monitoring of micropollutants in the Belgian coastal zone$h[electronic resource].
=246  3\$aINRAM
=260  \\$aOostende :$bFlanders Marine Institute,$c2006-
=336  \\$atext$2rdacontent
=337  \\$acomputer$2rdamedia
=338  \\$aonline resource$2rdacarrier
=500  \\$aTitle from home page (viewed on Feb. 3, 2012).
=506  \\$aData are free to access.
=538  \\$aMode of access: World Wide Web.
=540  \\$aNot stated.
=584  \\$aAccepting data submissions: no.
=650  \0$aMicropollutants$zBelgium$zNorth Sea Coast$vDatabases.
=650  \0$aCoastal ecosystem health$zBelgium$zNorth Sea Coast$vDatabases.
=650  \0$aEnvironmental health$zBelgium.
=653  2\$aLiving With Environmental Change
=655  \7$aDataset.$2local
=655  \7$aMonitoring data.$2local
=655  \7$aReference data.$2local
=690  7\$aResearch Datasets Collection$2blcoll
=710  2\$aVlaams Instituut voor de Zee.
=856  40$uhttp://www.vliz.be/projects/inram/imers.php$yResearch Datasets Collection
=859  \\$aXLD$bdatasets
=CAT  \\$aRESDATASET$b00$c20110825$lBLL01$h1145
=CAT  \\$a7332$b40$c20120203$lBLL01$h1129
=CAT  \\$aBATCH-UPD$b40$c20120821$lBLL01$h1643
=CAT  \\$aBATCH-UPD$b40$c20121018$lBLL01$h1009
=CAT  \\$aWR13.117$c20130718$lBLL01$h1857
=CAT  \\$aW1606-1753$c20171028$lBLL01$h1342
=FIN  \\$aY$d20120203
=FMT  \\$a  SE
=LAS  \\$aW1606-1753$b00$c20171028$lBLL01$h1342
=SRC  \\$aBLDatasets$bstm_datasets_20110825_mrc.xml
=TCO  \\$aZZZ$c008

