=LDR  02341 ai a2200601 a 4500
=001  015876732
=003  Uk
=005  20121220082619.0
=006  m\\\\\\\\m\|\\\\\\
=007  cr\|||||||||||
=008  110825c200u9999be\uu\d\o\\\\\0\\\a2eng\\
=024  7\$astm20100804i$2local
=040  \\$aUk$beng$cUk$dUk
=042  \\$aukblsr
=082  04$a591.7753$223
=245  00$aAfrican register of marine species$h[electronic resource].
=246  3\$aAfReMaS
=247  10$aMarine species database for Eastern Africa taxon search
=260  \\$aOstend :$bVlaams Instituut voor de Zee
=336  \\$atext$2rdacontent
=337  \\$acomputer$2rdamedia
=338  \\$aonline resource$2rdacarrier
=500  \\$aTitle from HTML header (viewed on Sept. 22, 2011).
=506  \\$aData are free to access.
=516  \\$atext/html.
=520  \\$aProvides a taxonomic list of marine species found off of the coasts of Africa. Species can be queried by scientific and common name, and records detail the distribution by country, vernacular names and a brief species description.
=538  \\$aMode of access: World Wide Web.
=540  \\$aNot stated.
=584  \\$aData are collated by KMFRI and VLIZ.
=584  \\$aAccepting data submissions: No.
=650  \0$aMarine animals$zAfrica$zIndian Coast$vClassification$vDatabases.
=653  2\$aLiving With Environmental Change
=655  \7$aDataset.$2local
=655  \7$aReference data.$2local
=655  \7$aMonitoring data.$2local
=690  7\$aResearch Datasets Collection$2blcoll
=710  2\$aKenya Marine and Fisheries Research Institute.
=710  2\$aVlaams Instituut voor de Zee.
=856  40$uhttp://www.vliz.be/vmdcdata/masdea/aphia.php?p=search$yResearch Datasets Collection
=859  \\$aXLD$bdatasets
=CAT  \\$aRESDATASET$b00$c20110825$lBLL01$h1145
=CAT  \\$a7332$b40$c20110922$lBLL01$h0819
=CAT  \\$a7332$b40$c20110922$lBLL01$h0829
=CAT  \\$aBATCH-UPD$b40$c20120821$lBLL01$h1643
=CAT  \\$aBATCH-UPD$b40$c20121018$lBLL01$h1010
=CAT  \\$a7332$b40$c20121220$lBLL01$h0826
=CAT  \\$aWR13.117$c20130718$lBLL01$h1857
=CAT  \\$aW1606-1753$c20171028$lBLL01$h1342
=FIN  \\$aY$d20110922
=FMT  \\$a  SE
=LAS  \\$aW1606-1753$b00$c20171028$lBLL01$h1342
=SRC  \\$aBLDatasets$bstm_datasets_20110825_mrc.xml
=TCO  \\$aZZZ$c008

