=LDR  02514 ai a2200601 a 4500
=001  015876733
=003  Uk
=005  20111206114020.0
=006  m\\\\\\\\m\|\\\\\\
=007  cr\|||||||||||
=008  110825c200u9999be\uu\d\o\\\\\0\\\a2eng\\
=024  7\$astm20100218h$2local
=040  \\$aUk$beng$cUk
=042  \\$aukblsr
=082  04$a551.46$223
=245  00$aMarine information and data acquisition system$h[electronic resource].
=246  3\$aMIDAS
=260  \\$aOstend :$bFlanders Marine Institute
=336  \\$atext$2rdacontent
=337  \\$acomputer$2rdamedia
=338  \\$aonline resource$2rdacarrier
=500  \\$aTitle from home page (viewed on Sept. 22, 2011).
=506  \\$aData are free to access.
=516  \\$atext/html; text/plain.
=518  \\$a2001-04-02 -.
=520  \\$aThis site provides information on research campaigns performed on and data from cruises of the RV Zeeleeuw, a former pilot ship rebuilt into a research vessel. The CTD data provides conductivity, temperature, depth, pressure and salinity data for individual casts, for which the location and time of cast are given. These data can be downloaded in plain text or visualised graphically on site. Data across campaigns can also be accessed, as well as further information on cruises.
=538  \\$aMode of access: World Wide Web.
=540  \\$aNot stated.
=584  \\$aData are collected by the Flanders Marine Institute.
=584  \\$aAccepting data submissions: No.
=610  20$aZeeleeuw (Ship)
=650  \0$aOceanography$vObservations$vDatabases.
=653  2\$aLiving With Environmental Change
=655  \7$aDataset.$2local
=655  \7$aLongitudinal data.$2local
=655  \7$aMonitoring data.$2local
=655  \7$aReference data.$2local
=690  7\$aResearch Datasets Collection$2blcoll
=710  2\$aVlaams Instituut voor de Zee.
=856  40$uhttp://www.vliz.be/vmdcdata/midas/cl.php?showhtml=true$yResearch Datasets Collection
=859  \\$aXLD$bdatasets
=CAT  \\$aRESDATASET$b00$c20110825$lBLL01$h1145
=CAT  \\$a7332$b40$c20110922$lBLL01$h1012
=CAT  \\$a7332$b40$c20111206$lBLL01$h1140
=CAT  \\$aBATCH-UPD$b40$c20120821$lBLL01$h1643
=CAT  \\$aBATCH-UPD$b40$c20121018$lBLL01$h1010
=CAT  \\$aWR13.117$c20130718$lBLL01$h1857
=CAT  \\$aW1606-1753$c20171028$lBLL01$h1342
=FIN  \\$aY$d20110922
=FMT  \\$a  SE
=LAS  \\$aW1606-1753$b00$c20171028$lBLL01$h1342
=SRC  \\$aBLDatasets$bstm_datasets_20110825_mrc.xml
=TCO  \\$aZZZ$c008

