=LDR  02658 ai a2200637 a 4500
=001  015876734
=003  Uk
=005  20111123073026.0
=006  m\\\\\\\\m\|\\\\\\
=007  cr\|||||||||||
=008  110825c200u9999xx\uu\d\o\\\\\0\\\a2eng\\
=024  7\$astm20100804j$2local
=040  \\$aUk$beng$cUk
=042  \\$aukblsr
=082  04$a578.091631$223
=245  00$aNorth Atlantic register for marine species$h[electronic resource].
=246  3\$aNARMS
=260  \\$aNew Brunswick :$bAtlantic Reference Centre of the Huntsman Marine Science Centre ;$aFlanders :$bVlaams Instituut voor de Zee
=336  \\$atext$2rdacontent
=337  \\$acomputer$2rdamedia
=338  \\$aonline resource$2rdacarrier
=500  \\$aTitle from home page (viewed on Sept. 21, 2011).
=506  \\$aData are free to access.
=516  \\$atext/html.
=520  \\$aProvides a taxonomic list of marine species found in the North Atlantic. Species can be queried by scientific and common name, and records detail the distribution by country, vernacular name and a brief species description.
=538  \\$aMode of access: World Wide Web.
=540  \\$aNot stated.
=584  \\$aData are collated by ARC, VLIZ and MarBEF.
=584  \\$aAccepting data submissions: No.
=650  \0$aMarine animals$zNorth Atlantic Ocean$vClassification$vDatabases.
=650  \0$aMarine plants$zNorth Atlantic Ocean$vClassification$vDatabases.
=650  \0$aMarine animals$zMediterranean Sea$vClassification$vDatabases.
=650  \0$aMarine plants$zMediterranean Sea$vClassification$vDatabases.
=650  \0$aMarine animals$zBlack Sea$vClassification$vDatabases.
=650  \0$aMarine plants$zBlack Sea$vClassification$vDatabases.
=653  2\$aLiving With Environmental Change
=655  \7$aDataset.$2local
=655  \7$aReference data.$2local
=655  \7$aMonitoring data.$2local
=690  7\$aResearch Datasets Collection$2blcoll
=710  2\$aAtlantic Reference Centre.
=710  2\$aVlaams Instituut voor de Zee.
=856  40$uhttp://www.vliz.be/vmdcdata/narms/narmssearch.php$yResearch Datasets Collection
=859  \\$aXLD$bdatasets
=CAT  \\$aRESDATASET$b00$c20110825$lBLL01$h1145
=CAT  \\$a7332$b40$c20110921$lBLL01$h1316
=CAT  \\$a7332$b40$c20111123$lBLL01$h0730
=CAT  \\$aBATCH-UPD$b40$c20120821$lBLL01$h1643
=CAT  \\$aBATCH-UPD$b40$c20121018$lBLL01$h1009
=CAT  \\$aWR13.117$c20130718$lBLL01$h1857
=CAT  \\$aW1606-1753$c20171028$lBLL01$h1342
=FIN  \\$aY$d20110921
=FMT  \\$a  SE
=LAS  \\$aW1606-1753$b00$c20171028$lBLL01$h1342
=SRC  \\$aBLDatasets$bstm_datasets_20110825_mrc.xml
=TCO  \\$aZZZ$c008

