=LDR  02514 ai a2200637 a 4500
=001  015876735
=003  Uk
=005  20111025112347.0
=006  m\\\\\\\\m\|\\\\\\
=007  cr\|||||||||||
=008  110825c200u9999be\uu\d\o\\\\\0\\\a2eng\\
=024  7\$astm20100816b$2local
=040  \\$aUk$beng$cUk
=042  \\$aukblsr
=082  04$a578.0916336$223
=245  00$aNorth Sea benthos survey$h[electronic resource].
=246  3\$aNSBS
=260  \\$aOostende :$bFlanders Marine Institute
=336  \\$atext$2rdacontent
=337  \\$acomputer$2rdamedia
=338  \\$aonline resource$2rdacarrier
=500  \\$aTitle from HTML header (viewed on Oct. 25, 2011).
=506  \\$aData are free to access.
=510  3\$uhttp://dx.doi.org/10.1006/jmsc.1993.1008
=516  \\$atext/html.
=520  \\$aProvides a taxonomic list of marine species found in the North Sea. Species can be queried by scientific and common name, and records give the vernacular name, a brief species description and detail the species distribution by country.
=522  \\$aNorth Sea.
=538  \\$aMode of access: World Wide Web.
=540  \\$aNot stated.
=584  \\$aData collected by partners to the NSBS.
=584  \\$aAccepting data submissions: No.
=650  \0$aMarine animals$zNorth Sea$vClassification$vDatabases.
=650  \0$aMarine plants$zNorth Sea$vClassification$vDatabases.
=650  \0$aBenthos$xEnvironmental aspects$zNorth Sea$vDatabases.
=650  \0$aBiotic communities$xEcology$zNorth Sea$vDatabases.
=650  \0$aSpecies diversity$zNorth Sea$xObservations$vDatabases.
=651  \0$aNorth Sea$xEnvironmental aspects$vDatabases.
=653  2\$aLiving With Environmental Change
=655  \7$aDataset.$2local
=655  \7$aReference data.$2local
=655  \7$aObservational data.$2local
=690  7\$aResearch Datasets Collection$2blcoll
=710  2\$aVlaams Instituut voor de Zee.
=856  40$uhttp://www.vliz.be/vmdcdata/nsbs/aphia.php?p=search$yResearch Datasets Collection
=859  \\$aXLD$bdatasets
=CAT  \\$aRESDATASET$b00$c20110825$lBLL01$h1145
=CAT  \\$a7332$b40$c20111025$lBLL01$h1123
=CAT  \\$aBATCH-UPD$b40$c20120821$lBLL01$h1643
=CAT  \\$aBATCH-UPD$b40$c20121018$lBLL01$h1010
=CAT  \\$aWR13.117$c20130718$lBLL01$h1857
=CAT  \\$aW1606-1753$c20171028$lBLL01$h1342
=FIN  \\$aY$d20111025
=FMT  \\$a  SE
=LAS  \\$aW1606-1753$b00$c20171028$lBLL01$h1342
=SRC  \\$aBLDatasets$bstm_datasets_20110825_mrc.xml
=TCO  \\$aZZZ$c008

