=LDR  02960 ai a2200589 a 4500
=001  015876736
=003  Uk
=005  20110909090024.0
=006  m\\\\\\\\m\|\\\\\\
=007  cr\|||||||||||
=008  110825c200u9999be\uu\d\o\\\\\0\\\a2eng\\
=024  7\$astm20100804k$2local
=040  \\$aUk$beng$cUk
=042  \\$aukblsr
=082  04$a551.4681336$223
=245  00$aWestBanks$h[electronic resource] :$bunderstanding benthic, pelagic and air-borne ecosystem interactions in shallow coastal seas.
=260  \\$aOostende :$bFlanders Marine Institute
=336  \\$atext$2rdacontent
=337  \\$acomputer$2rdamedia
=338  \\$aonline resource$2rdacarrier
=500  \\$aTitle from home page (viewed on Sept. 7, 2011).
=506  \\$aData are free to access.
=516  \\$atext/html; application/msexcel; text/plain; image/jpg.
=518  \\$a1997-02-03/2005-09-02.
=520  \\$aProvides environmental and biological data from the Belgian continental shelf. Parameters include: species abundance; biomass; concentration (of ammonium, carbon, chlorophyll, fucoxanthin, nitrate, nitrite, nitrogen, phosphate, silica and total organic matter); water depth; direction of motion; downwelling vector irradiance as energy and photons; conductivity; grain size; length and width; orientation; salinity; pressure; redox potential; humidity; speed; temperature; turbidity; wind speed and direction; instrument and coordinates of measurement. These are measured in the water column and/or sediments and can be queried by parameter, station and date. Data can be downloaded in Excel or plain text formats. If more than 5000 measurements are required the additional data must be requested.
=538  \\$aMode of access: World Wide Web.
=540  \\$aNot stated.
=584  \\$aData are collected by project partners.
=584  \\$aAccepting data submissions: No.
=650  \0$aHabitat (Ecology)$zNorth Sea Coast (Belgium)$vDatabases.
=650  \0$aMarine ecology$zNorth Sea Coast (Belgium)$vDatabases.
=650  \0$aContinental shelf$zBelgium$xEcology$vDatabases.
=653  2\$aLiving With Environmental Change
=655  \7$aDataset.$2local
=655  \7$aMonitoring data.$2local
=655  \7$aReference data.$2local
=690  7\$aResearch Datasets Collection$2blcoll
=710  2\$aWestBanks (Project)
=710  2\$aVlaams Instituut voor de Zee.
=856  40$uhttp://www.vliz.be/projects/westbanks/imers.php$yResearch Datasets Collection
=859  \\$aXLD$bdatasets
=CAT  \\$aRESDATASET$b00$c20110825$lBLL01$h1145
=CAT  \\$a7332$b40$c20110909$lBLL01$h0900
=CAT  \\$aBATCH-UPD$b40$c20120821$lBLL01$h1643
=CAT  \\$aBATCH-UPD$b40$c20121018$lBLL01$h1010
=CAT  \\$aWR13.117$c20130718$lBLL01$h1857
=CAT  \\$aW1606-1753$c20171028$lBLL01$h1342
=FIN  \\$aY$d20110909
=FMT  \\$a  SE
=LAS  \\$aW1606-1753$b00$c20171028$lBLL01$h1342
=SRC  \\$aBLDatasets$bstm_datasets_20110825_mrc.xml
=TCO  \\$aZZZ$c008

