=LDR  02524 ai a2200613 a 4500
=001  015876737
=003  Uk
=005  20131101072351.0
=006  m\\\\\\\\m\|\\\\\\
=007  cr\|||||||||||
=008  110825c200u9999ne\uu\d\o\\\\\0\\\a2eng\\
=024  7\$astm20100218i$2local
=040  \\$aUk$beng$cUk$dUk
=041  0\$aeng$adut
=042  \\$aukblsr
=082  04$a551.46$223
=245  00$aIntegrated marine information system$h[electronic resource].
=246  3\$aIMIS
=260  \\$aOostende :$bFlanders Marine Institute
=336  \\$atext$2rdacontent
=337  \\$acomputer$2rdamedia
=338  \\$aonline resource$2rdacarrier
=500  \\$aTitle from home page (viewed on Dec. 21, 2011).
=506  \\$aSome data require permission to access.
=516  \\$atext/html.
=520  \\$aProvides a search of data indexed at the Flanders Marine Institute. The search results will indicate which results are archived at and so available from the institute itself (green tick symbol). Access to available datasets is via the 'instance' information in each metadata record, but may require users to register or request access from the archive. If website initially displays in Dutch, click the UK symbol and the use the left-hand menu to navigate to 'Inventory'.
=538  \\$aMode of access: World Wide Web.
=540  \\$aNot stated.
=546  \\$aInterface in English and Dutch.
=584  \\$aMetadata are collated by the Flanders Marine Institute.
=584  \\$aAccepting data submissions: No.
=650  \0$aOceanography$vDatabases.
=650  \0$aMarine sciences$vDatabases.
=653  2\$aLiving With Environmental Change
=655  \7$aDataset.$2local
=655  \7$aMetadata.$2local
=655  \7$aMonitoring data.$2local
=655  \7$aReference data.$2local
=690  7\$aResearch Datasets Collection$2blcoll
=710  2\$aVlaams Instituut voor de Zee.
=856  40$uhttp://www.vliz.be/en/imis?module=dataset$yResearch Datasets Collection
=859  \\$aXLD$bdatasets
=CAT  \\$aRESDATASET$b00$c20110825$lBLL01$h1145
=CAT  \\$a7332$b40$c20111221$lBLL01$h0911
=CAT  \\$aBATCH-UPD$b40$c20120821$lBLL01$h1643
=CAT  \\$aBATCH-UPD$b40$c20121018$lBLL01$h1010
=CAT  \\$aWR13.117$c20130718$lBLL01$h1857
=CAT  \\$a7332$b40$c20131101$lBLL01$h0723
=CAT  \\$aW1606-1753$c20171028$lBLL01$h1342
=FIN  \\$aY$d20111221
=FMT  \\$a  SE
=LAS  \\$aW1606-1753$b00$c20171028$lBLL01$h1342
=SRC  \\$aBLDatasets$bstm_datasets_20110825_mrc.xml
=TCO  \\$aZZZ$c008

