=LDR  02230 ai a2200565 a 4500
=001  015876738
=003  Uk
=005  20120724115026.0
=006  m\\\\\\\\m\|\\\\\\
=007  cr\|||||||||||
=008  110825c200u9999it\uu\d\o\\\\\0\\\a2eng\\
=024  7\$astm20100218a$2local
=040  \\$aUk$beng$cUk
=042  \\$aukblsr
=082  04$a551.46$223
=245  00$aNational Oceanographic Data Center$h[electronic resource] :$bdatasets download.
=260  \\$a[Trieste$bNational Oceanographic Data Centre / IOC
=336  \\$atext$2rdacontent
=337  \\$acomputer$2rdamedia
=338  \\$aonline resource$2rdacarrier
=500  \\$aTitle from home page (viewed on Mar. 16, 2012).
=506  \\$aData are free to access.
=516  \\$atext/plain.
=518  \\$a1889-2009.
=520  \\$aProvides oceanographic data in cruise datasets from 28 countries from 1889 until 2009. These are queried by data centre of country of origin, which then provides a zipped plain text file for each cruise of interest.
=538  \\$aMode of access: World Wide Web.
=540  \\$aCreators/Contributors retain copyright.
=584  \\$aData are extracted from various national oceanographic data centres.
=650  \0$aOceanography$xResearch$vDatabases.
=653  2\$aLiving With Environmental Change
=655  \7$aDataset.$2local
=655  \7$aLongitudinal data.$2local
=655  \7$aMonitoring data.$2local
=655  \7$aReference data.$2local
=690  7\$aResearch Datasets Collection$2blcoll
=710  2\$aIstituto nazionale di oceanografia e di geofisica sperimentale (Italy)
=856  40$uhttp://nodc.ogs.trieste.it/cocoon/data/datasets$yResearch Datasets Collection
=859  \\$aXLD$bdatasets
=CAT  \\$aRESDATASET$b00$c20110825$lBLL01$h1145
=CAT  \\$a7332$b40$c20120316$lBLL01$h1039
=CAT  \\$a7332$b40$c20120724$lBLL01$h1150
=CAT  \\$aBATCH-UPD$b40$c20120821$lBLL01$h1643
=CAT  \\$aBATCH-UPD$b40$c20121018$lBLL01$h1010
=CAT  \\$aWR13.117$c20130718$lBLL01$h1857
=CAT  \\$aW1606-1753$c20171028$lBLL01$h1342
=FIN  \\$aY$d20120316
=FMT  \\$a  SE
=LAS  \\$aW1606-1753$b00$c20171028$lBLL01$h1342
=SRC  \\$aBLDatasets$bstm_datasets_20110825_mrc.xml
=TCO  \\$aZZZ$c008

