=LDR  02681 ai a2200649 a 4500
=001  015876739
=003  Uk
=005  20110920111024.0
=006  m\\\\\\\\m\|\\\\\\
=007  cr\|||||||||||
=008  110825c200u9999stkuu\d\o\\\\\0\\\a2eng\\
=024  7\$astm20100218l$2local
=040  \\$aUk$beng$cUk
=042  \\$aukblsr
=082  04$a551.462$223
=245  00$aSouthern elephant seals as oceanographic samplers$h[electronic resource].
=246  3\$aSEaOS
=260  \\$aSt. Andrews :$bSea Mammal Research Unit, School of Biology, University of St Andrews
=336  \\$atext$2rdacontent
=337  \\$acomputer$2rdamedia
=338  \\$aonline resource$2rdacarrier
=500  \\$aTitle from home page (viewed on Sept. 20, 2011).
=506  \\$aData are free to access.
=516  \\$atext/plain.
=520  \\$aProvides temperature, pressure and salinity data recorded from sensors on tagged elephant seals as part of the Southern Elephant Seals as Oceanographic Samplers Project, analysing how changes in these variables affect the global ocean conveyor. Data are available as a flat text file only.
=538  \\$aMode of access: World Wide Web.
=540  \\$aNot stated.
=584  \\$aData are solely from the SEaOS Project.
=584  \\$aAccepting data submissions: No.
=650  \0$aMeridional overturning circulation$vDatabases.
=650  \0$aOcean currents$xResearch$vDatabases.
=650  \0$aOcean circulation$xResearch$vDatabases.
=650  \0$aOceanography$xResearch$vDatabases.
=650  \0$aElephant seals$xEcology$vDatabases.
=650  \0$aIndicators (Biology)$vDatabases.
=653  2\$aLiving With Environmental Change
=655  \7$aDataset.$2local
=655  \7$aObservational data.$2local
=655  \7$aMonitoring data.$2local
=655  \7$aReference data.$2local
=690  7\$aResearch Datasets Collection$2blcoll
=710  2\$aNatural Environment Research Council (Great Britain).$bSea Mammal Research Unit.
=710  2\$aUniversity of St. Andrews.$bSchool of Biology.
=856  40$uhttp://biology.st-andrews.ac.uk/seaos/results_oceano.htm$yResearch Datasets Collection
=859  \\$aXLD$bdatasets
=CAT  \\$aRESDATASET$b00$c20110825$lBLL01$h1145
=CAT  \\$a7332$b40$c20110920$lBLL01$h1110
=CAT  \\$aBATCH-UPD$b40$c20120821$lBLL01$h1643
=CAT  \\$aBATCH-UPD$b40$c20121018$lBLL01$h1010
=CAT  \\$aBATCH-UPD$b40$c20121019$lBLL01$h0734
=CAT  \\$aWR13.117$c20130718$lBLL01$h1857
=CAT  \\$aW1606-1753$c20171028$lBLL01$h1342
=FIN  \\$aY$d20110920
=FMT  \\$a  SE
=LAS  \\$aW1606-1753$b00$c20171028$lBLL01$h1342
=SRC  \\$aBLDatasets$bstm_datasets_20110825_mrc.xml
=TCO  \\$aZZZ$c008

