=LDR  02756 ai a2200637 a 4500
=001  015876740
=003  Uk
=005  20111206115422.0
=006  m\\\\\\\\m\|\\\\\\
=007  cr\|||||||||||
=008  110825c200u9999xxuuu\d\o\\\\\0\\\a2eng\\
=024  7\$astm20100219i$2local
=040  \\$aUk$beng$cUk
=042  \\$aukblsr
=082  04$a551.50973$223
=245  00$aMesoWest$h[electronic resource].
=260  \\$aSalt Lake City :$bUniversity of Utah, Department of Atmospheric Sciences
=336  \\$atext$2rdacontent
=337  \\$acomputer$2rdamedia
=338  \\$aonline resource$2rdacarrier
=500  \\$aTitle from home page (viewed on Oct. 19, 2011).
=506  \\$aData are free to access.
=510  3\$uhttp://dx.doi.org/10.1175/1520-0477%282002%29083%3C0211%3AMCMITW%3E2.3.CO%3B2
=516  \\$aapplication/msexcel; text/csv.
=520  \\$aMaps current United States weather observations by state. Various temperature, rainfall and wind data can be displayed as a map overlay and data from individual stations (managed by federal, state, and local agencies and private firms) can be downloaded by individual days. To download more than 1 day's data, users must register and login to 'My Meso West'.
=522  \\$aUnited States.
=538  \\$aMode of access: World Wide Web.
=540  \\$aCreators/Contributors retain copyright.
=584  \\$aData are from networks of federal and state agencies and private firms.
=584  \\$aAccepting data submissions: No.
=650  \0$aMeteorological stations$zUnited States$vObservations$vDatabases.
=650  \0$aMeteorology$xResearch$zUnited States$vDatabases.
=650  \0$aMeteorology$zUnited States$vObservations$vDatabases.
=653  2\$aLiving With Environmental Change
=655  \7$aDataset.$2local
=655  \7$aObservational data.$2local
=655  \7$aMonitoring data.$2local
=655  \7$aReference data.$2local
=690  7\$aResearch Datasets Collection$2blcoll
=710  2\$aUniversity of Utah.$bDepartment of Atmospheric Sciences.
=856  40$uhttp://mesowest.utah.edu/index.html$yResearch Datasets Collection
=859  \\$aXLD$bdatasets
=985  \\$aRecord amended for WR# 13/070
=CAT  \\$aRESDATASET$b00$c20110825$lBLL01$h1145
=CAT  \\$a7332$b40$c20111019$lBLL01$h1017
=CAT  \\$a7332$b40$c20111206$lBLL01$h1154
=CAT  \\$aBATCH-UPD$b40$c20120821$lBLL01$h1643
=CAT  \\$aBATCH-UPD$b40$c20121018$lBLL01$h1010
=CAT  \\$aWR13_070$b00$c20130504$lBLL01$h0333
=CAT  \\$aWR13.117$c20130718$lBLL01$h1857
=CAT  \\$aW1606-1753$c20171028$lBLL01$h1342
=FIN  \\$aY$d20111019
=FMT  \\$a  SE
=LAS  \\$aW1606-1753$b00$c20171028$lBLL01$h1342
=SRC  \\$aBLDatasets$bstm_datasets_20110825_mrc.xml
=TCO  \\$aZZZ$c008

