=LDR  02444 ai a2200601 a 4500
=001  015876741
=003  Uk
=005  20120111113831.0
=006  m\\\\\\\\m\|\\\\\\
=007  cr\|||||||||||
=008  110825c200u9999xxuuu\d\o\\\\\0\\\a2eng\\
=024  7\$astm20100219a$2local
=040  \\$aUk$beng$cUk
=042  \\$aukblsr
=082  04$a551.6$223
=245  00$a[Weather soundings]$h[electronic resource].
=260  \\$aLaramie :$bUniversity of Wyoming, Department of Atmospheric Science
=336  \\$atext$2rdacontent
=337  \\$acomputer$2rdamedia
=338  \\$aonline resource$2rdacarrier
=500  \\$aTitle supplied by cataloguer (publisher's Web site, viewed Sept. 9, 2011).
=506  \\$aData are free to access.
=516  \\$atext/plain.
=518  \\$a1973 -.
=520  \\$aProvides atmospheric soundings (temperature and dew point temperature profiles through the atmosphere) from stations across the globe. Data also includes relative humidity, wind speed and direction and potential temperatures. Data can be accessed by selecting date and station of interest and downloaded in plain text or visualised graphically.
=538  \\$aMode of access: World Wide Web.
=540  \\$aNot stated.
=584  \\$aData are collected by the data creators.
=584  \\$aAccepting data submissions: No.
=650  \0$aMeteorology$vObservations$vDatabases.
=653  2\$aLiving With Environmental Change
=655  \7$aDataset.$2local
=655  \7$aObservational data.$2local
=655  \7$aMonitoring data.$2local
=655  \7$aReference data.$2local
=690  7\$aResearch Datasets Collection$2blcoll
=710  2\$aUniversity of Wyoming.$bDepartment of Atmospheric Science.
=856  40$uhttp://weather.uwyo.edu/upperair/sounding.html$yResearch Datasets Collection
=859  \\$aXLD$bdatasets
=985  \\$aRecord amended for WR# 13/070
=CAT  \\$aRESDATASET$b00$c20110825$lBLL01$h1145
=CAT  \\$a7332$b40$c20110909$lBLL01$h1252
=CAT  \\$a7332$b40$c20120111$lBLL01$h1138
=CAT  \\$aBATCH-UPD$b40$c20120821$lBLL01$h1643
=CAT  \\$aBATCH-UPD$b40$c20121018$lBLL01$h1010
=CAT  \\$aWR13_070$b00$c20130504$lBLL01$h0333
=CAT  \\$aWR13.117$c20130718$lBLL01$h1857
=CAT  \\$aW1606-1753$c20171028$lBLL01$h1342
=FIN  \\$aY$d20110909
=FMT  \\$a  SE
=LAS  \\$aW1606-1753$b00$c20171028$lBLL01$h1342
=SRC  \\$aBLDatasets$bstm_datasets_20110825_mrc.xml
=TCO  \\$aZZZ$c008

