=LDR  02500 ai a2200613 a 4500
=001  015876742
=003  Uk
=005  20111019105532.0
=006  m\\\\\\\\m\|\\\\\\
=007  cr\|||||||||||
=008  110825c200u9999xxuuu\d\o\\\\\0\\\a2eng\\
=024  7\$astm20100804b$2local
=040  \\$aUk$beng$cUk
=042  \\$aukblsr
=082  04$a634.90973$223
=245  00$aForest inventory and analysis database$h[electronic resource].
=246  3\$aFIADB
=246  3\$aFIA DataMart
=260  \\$a[United States] :$bUSDA, Forestry Service
=336  \\$atext$2rdacontent
=337  \\$acomputer$2rdamedia
=338  \\$aonline resource$2rdacarrier
=500  \\$aTitle from home page (viewed on Oct. 19, 2011).
=506  \\$aData are free to access.
=516  \\$aapplication/msaccess; text/csv.
=520  \\$aProvides forestry data for the US, by state. Data is also provided for the U.S. Virgin Islands and Puerto Rico. Data parameters include woody debris, litter fuel, lichen species, soil erosion and sample data, regional tree biomass, vegetation species, seedlings and population evaluations. Data are from quadrats, transects and plots. Data can be downloaded in CSV and Microsoft Access.
=522  \\$aUnited States.
=538  \\$aMode of access: World Wide Web.
=540  \\$aNot stated.
=584  \\$aData are collected by the USDA Forestry Service.
=584  \\$aAccepting data submissions: No.
=650  \0$aForest surveys$zUnited States$vDatabases.
=650  \0$aForests and forestry$zUnited States$xAnalysis$vDatabases.
=653  2\$aLiving With Environmental Change
=655  \7$aDataset.$2local
=655  \7$aObservational data.$2local
=655  \7$aMonitoring data.$2local
=655  \7$aReference data.$2local
=690  7\$aResearch Datasets Collection$2blcoll
=710  1\$aUnited States.$bForest Service.
=856  40$uhttp://apps.fs.fed.us/fiadb-downloads/datamart.html$yResearch Datasets Collection
=859  \\$aXLD$bdatasets
=CAT  \\$aRESDATASET$b00$c20110825$lBLL01$h1145
=CAT  \\$a7332$b40$c20111019$lBLL01$h1050
=CAT  \\$a7332$b40$c20111019$lBLL01$h1055
=CAT  \\$aBATCH-UPD$b40$c20120821$lBLL01$h1643
=CAT  \\$aBATCH-UPD$b40$c20121018$lBLL01$h1010
=CAT  \\$aWR13.117$c20130718$lBLL01$h1857
=CAT  \\$aW1606-1753$c20171028$lBLL01$h1342
=FIN  \\$aY$d20111019
=FMT  \\$a  SE
=LAS  \\$aW1606-1753$b00$c20171028$lBLL01$h1342
=SRC  \\$aBLDatasets$bstm_datasets_20110825_mrc.xml
=TCO  \\$aZZZ$c008

