=LDR  02338 ai a2200589 a 4500
=001  015876743
=003  Uk
=005  20111130084133.0
=006  m\\\\\\\\m\|\\\\\\
=007  cr\|||||||||||
=008  110825c200u9999xxuuu\d\o\\\\\0\\\a2eng\\
=024  7\$astm20100804m$2local
=040  \\$aUk$beng$cUk
=042  \\$aukblsr
=082  04$a634.90973$223
=245  00$aForest inventory and analysis national program$h[electronic resource].
=260  \\$bUnited States Department of Agriculture (USDA) Forestry Service
=336  \\$atext$2rdacontent
=337  \\$acomputer$2rdamedia
=338  \\$aonline resource$2rdacarrier
=500  \\$aTitle from home page (viewed on Nov. 30, 2011).
=506  \\$aData are free to access.
=516  \\$atext/csv.
=518  \\$a1991-1999.
=520  \\$aProvides data on the health of America's forests. Data are from 33 US states and indicate health with parameters including crown condition, tree damage, mensuration, ozone, lichens, and soils. Data can be downloaded zipped by state and files are per health indicator and year.
=522  \\$aUnited Kingdom.
=538  \\$aMode of access: World Wide Web.
=540  \\$aNot stated.
=584  \\$aData are collected by the USDA Forestry Service.
=584  \\$aAccepting data submissions: No.
=610  20$aForest Inventory and Analysis Program (U.S.)
=650  \0$aForest monitoring$zUnited States$vDatabases.
=650  \0$aForest health$zUnited States$vDatabases.
=653  2\$aLiving With Environmental Change
=655  \7$aDataset.$2local
=655  \7$aMonitoring data.$2local
=655  \7$aReference data.$2local
=690  7\$aResearch Datasets Collection$2blcoll
=710  1\$aUnited States.$bForest Service.
=856  40$uhttp://www.fia.fs.fed.us/tools-data/other_data/default.asp$yResearch Datasets Collection
=859  \\$aXLD$bdatasets
=CAT  \\$aRESDATASET$b00$c20110825$lBLL01$h1145
=CAT  \\$a7332$b40$c20111130$lBLL01$h0841
=CAT  \\$aBATCH-UPD$b40$c20120821$lBLL01$h1643
=CAT  \\$aBATCH-UPD$b40$c20121018$lBLL01$h1010
=CAT  \\$aWR13.117$c20130718$lBLL01$h1857
=CAT  \\$aW1606-1753$c20171028$lBLL01$h1342
=FIN  \\$aY$d20111130
=FMT  \\$a  SE
=LAS  \\$aW1606-1753$b00$c20171028$lBLL01$h1342
=SRC  \\$aBLDatasets$bstm_datasets_20110825_mrc.xml
=TCO  \\$aZZZ$c008

