=LDR  02435 ai a2200589 a 4500
=001  015876744
=003  Uk
=005  20111214101653.0
=006  m\\\\\\\\m\|\\\\\\
=007  cr\|||||||||||
=008  110825c200u9999xxuuu\d\o\\\\\0\\\a2eng\\
=024  7\$astm20100219j$2local
=040  \\$aUk$beng$cUk
=042  \\$aukblsr
=082  04$a551.6072$223
=245  00$aIRI/LDEO climate data library$h[electronic resource].
=246  3\$aClimate data library
=246  3\$aInternational Research Institute for Climate and Society/Lamont-Doherty Earth Observatory climate data library
=260  \\$aPalisades :$bInternational Research Institute for Climate and Society
=336  \\$atext$2rdacontent
=337  \\$acomputer$2rdamedia
=338  \\$aonline resource$2rdacarrier
=500  \\$aTitle from home page (viewed on Dec. 14, 2011).
=506  \\$aData are free to access.
=516  \\$atext/csv; text/plain.
=520  \\$aProvides various climate datasets across a range of topics including air-sea interactions, forecasts, hydrology, cloud cover, fisheries, ice and oceanography. Data of interest can be identified by these topics, or with keyword searches. Data files can be downloaded or overlaid on a map view.
=538  \\$aMode of access: World Wide Web.
=540  \\$aCreators/Contributors retain copyright.
=584  \\$aAccepting data submissions: no.
=650  \0$aClimatology$vObservations$vDatabases.
=650  \0$aWeather$vDatabases.
=653  2\$aLiving With Environmental Change
=655  \7$aDataset.$2local
=655  \7$aMonitoring data.$2local
=655  \7$aObservational data.$2local
=655  \7$aReference data.$2local
=690  7\$aResearch Datasets Collection$2blcoll
=710  2\$aInternational Research Institute for Climate and Society.
=710  2\$aLamont-Doherty Earth Observatory.
=856  40$uhttp://iridl.ldeo.columbia.edu/index.html$yResearch Datasets Collection
=859  \\$aXLD$bdatasets
=CAT  \\$aRESDATASET$b00$c20110825$lBLL01$h1145
=CAT  \\$a7332$b40$c20111214$lBLL01$h1016
=CAT  \\$aBATCH-UPD$b40$c20120821$lBLL01$h1643
=CAT  \\$aBATCH-UPD$b40$c20121018$lBLL01$h1010
=CAT  \\$aWR13.117$c20130718$lBLL01$h1857
=CAT  \\$aW1606-1753$c20171028$lBLL01$h1342
=FIN  \\$aY$d20111214
=FMT  \\$a  SE
=LAS  \\$aW1606-1753$b00$c20171028$lBLL01$h1342
=SRC  \\$aBLDatasets$bstm_datasets_20110825_mrc.xml
=TCO  \\$aZZZ$c008

