=LDR  02462 ai a2200565 a 4500
=001  015876745
=003  Uk
=005  20141003095359.0
=006  m\\\\|\\\m\|\\\\\\
=007  cr\|||||||||||
=008  110825c200u9999xxuuu\d\o\\\\\0\\\a2eng\\
=024  7\$astm20100219b$2local
=040  \\$aUk$beng$cUk$dUk
=042  \\$aukblsr
=082  04$a551.5770973$223
=245  00$a[National Atmospheric Deposition Program National Trends Network]$h[electronic resource].
=260  \\$aChampaign, Ill. :$bNational Atmospheric Deposition Program
=336  \\$atext$2rdacontent
=337  \\$acomputer$2rdamedia
=338  \\$aonline resource$2rdacarrier
=506  \\$aUsers must register to access data.
=510  3\$uhttp://dx.doi.org/10.1016/S1352-2310(99)00425-2
=516  \\$atext/plain; text/html; text/csv.
=520  \\$aProvides precipitation chemistry data, with annual, seasonal and monthly precipitation-weighted mean concentrations and wet deposition means, weekly concentrations data and daily precipitation data for sites across the United States that are part of the NADP. These are selected by site and date range for download in plain text, HTML or CSV formats.
=522  \\$aUnited States.
=538  \\$aMode of access: World Wide Web.
=540  \\$aPublic Domain.
=584  \\$aData are collected by the NADP.
=584  \\$aAccepting data submissions: No.
=588  \\$aTitle supplied by cataloguer (publisher's Web site, viewed Oct. 24, 2012).
=650  \0$aPrecipitation (Meteorology)$zUnited States$vObservations$vDatabases.
=653  2\$aLiving With Environmental Change
=655  \7$aDataset.$2local
=655  \7$aMonitoring data.$2local
=690  7\$aResearch Datasets Collection$2blcoll
=710  2\$aNational Atmospheric Deposition Program and National Trends Network (U.S.)
=856  40$uhttp://nadp.isws.illinois.edu/sites/ntnmap.asp?$yResearch Datasets Collection
=859  \\$aXLD$bdatasets
=CAT  \\$aRESDATASET$b00$c20110825$lBLL01$h1145
=CAT  \\$aBATCH-UPD$b00$c20120821$lBLL01$h1643
=CAT  \\$aBATCH-UPD$b00$c20121018$lBLL01$h1010
=CAT  \\$a7332$b40$c20121024$lBLL01$h1302
=CAT  \\$aWR13.117$c20130718$lBLL01$h1857
=CAT  \\$a7332$b40$c20141003$lBLL01$h0953
=CAT  \\$aW1606-1753$c20171028$lBLL01$h1342
=FIN  \\$aY$d20121024
=FMT  \\$a  SE
=LAS  \\$aW1606-1753$b00$c20171028$lBLL01$h1342
=SRC  \\$aBLDatasets$bstm_datasets_20110825_mrc.xml
=TCO  \\$aZZZ$c008

