=LDR  02239 ai a2200565 a 4500
=001  015876746
=003  Uk
=005  20121024131645.0
=006  m\\\\|\\\m\|\\\\\\
=007  cr\|||||||||||
=008  110825c200u9999xxuuu\d\o\\\\\0\\\a2eng\\
=024  7\$astm20100219c$2local
=040  \\$aUk$beng$cUk
=042  \\$aukblsr
=082  04$a551.5770973$223
=245  00$aAIRMoN Data Access$h[electronic resource].
=246  3\$aAtmospheric Integrated Research Monitoring Network data access
=260  \\$aChampaign, Ill. :$bNational Atmospheric Deposition Program
=336  \\$atext$2rdacontent
=337  \\$acomputer$2rdamedia
=338  \\$aonline resource$2rdacarrier
=506  \\$aUsers must register to access data.
=510  3\$uhttp://dx.doi.org/10.1016/S1352-2310(00)00312-5
=516  \\$atext/plain; text/html; text/csv.
=520  \\$aAIRMoN provides precipitation chemistry data on individual storms, measured from 7 sites in the Eastern United States. These are selected by site and date range for download in plain text, HTML or CSV formats.
=522  \\$aUnited States.
=538  \\$aMode of access: World Wide Web.
=540  \\$aPublic Domain.
=584  \\$aData are collected by the NADP.
=584  \\$aAccepting data submissions: No.
=588  \\$aTitle from home page (viewed Oct. 24, 2012).
=650  \0$aPrecipitation (Meteorology)$zUnited States$vObservations$vDatabases.
=655  \7$aDataset.$2local
=655  \7$aMonitoring data.$2local
=655  \7$aObservational data.$2local
=690  7\$aResearch Datasets Collection$2blcoll
=710  2\$aNational Atmospheric Deposition Program (U.S.)
=856  40$uhttp://nadp.isws.illinois.edu/sites/getamdata.asp$yResearch Datasets Collection
=859  \\$aXLD$bdatasets
=CAT  \\$aRESDATASET$b00$c20110825$lBLL01$h1145
=CAT  \\$aBATCH-UPD$b00$c20120821$lBLL01$h1643
=CAT  \\$aBATCH-UPD$b00$c20121018$lBLL01$h1010
=CAT  \\$a7332$b40$c20121024$lBLL01$h1316
=CAT  \\$aWR13.117$c20130718$lBLL01$h1857
=CAT  \\$aW1606-1753$c20171028$lBLL01$h1342
=FIN  \\$aY$d20121024
=FMT  \\$a  SE
=LAS  \\$aW1606-1753$b00$c20171028$lBLL01$h1342
=SRC  \\$aBLDatasets$bstm_datasets_20110825_mrc.xml
=TCO  \\$aZZZ$c008

