=LDR  02522 ai a2200637 a 4500
=001  015876747
=003  Uk
=005  20130425080257.0
=006  m\\\\\\\\m\|\\\\\\
=007  cr\|||||||||||
=008  110825c200u9999xxuuu\w\o\\\\\0\\\a2eng\\
=024  7\$astm20100219d$2local
=040  \\$aUk$beng$cUk$dUk
=042  \\$aukblsr
=082  04$a551.511$223
=245  00$aAtmospheric Science Data Center$h[electronic resource] :$baccess data
=246  3\$aAccess data
=246  3\$aLangley ASDC data access
=260  \\$a[Hampton] :$bAtmospheric Science Data Center
=336  \\$atext$2rdacontent
=337  \\$acomputer$2rdamedia
=338  \\$aonline resource$2rdacarrier
=500  \\$aTitle from Web page (viewed on Jan. 18, 2012).
=506  \\$aUsers must register to access data.
=510  3\$uhttp://dx.doi.org/10.1109/IGARSS.2007.4423728
=516  \\$atext/plain.
=520  \\$aProvides data for 44 various projects covering aerosols, clouds, radiation and tropospheric chemistry. These are derived from Earth observation missions as well as field campaigns. Requests for data files per project are ordered via a java interface and accessed via FTP.
=538  \\$aMode of access: World Wide Web.
=540  \\$aPublic Domain.
=584  \\$aData are collated by the Atmospheric Science Data Center.
=584  \\$aAccepting data submissions: No.
=650  \0$aAtmosphere$xResearch$vDatabases.
=650  \0$aAtmosphere$vObservations$vDatabases.
=653  2\$aLiving With Environmental Change
=655  \7$aDataset.$2local
=655  \7$aObservational data.$2local
=655  \7$aMonitoring data.$2local
=655  \7$aReference data.$2local
=690  7\$aResearch Datasets Collection$2blcoll
=710  2\$aNASA Langley Atmospheric Sciences Data Center.
=856  40$uhttps://eosweb.larc.nasa.gov/order-data$yResearch Datasets Collection
=859  \\$aXLD$bdatasets
=CAT  \\$aRESDATASET$b00$c20110825$lBLL01$h1145
=CAT  \\$a7332$b40$c20120118$lBLL01$h1054
=CAT  \\$a7332$b40$c20120228$lBLL01$h1423
=CAT  \\$aBATCH-UPD$b40$c20120821$lBLL01$h1643
=CAT  \\$aBATCH-UPD$b40$c20121018$lBLL01$h1010
=CAT  \\$a7332$b40$c20130425$lBLL01$h0802
=CAT  \\$aWR13.117$c20130718$lBLL01$h1857
=CAT  \\$aBATCH-UPD$b00$c20160924$lBLL01$h0300
=CAT  \\$aW1606-1753$c20171028$lBLL01$h1342
=FIN  \\$aY$d20120118
=FMT  \\$a  SE
=LAS  \\$aW1606-1753$b00$c20171028$lBLL01$h1342
=SRC  \\$aBLDatasets$bstm_datasets_20110825_mrc.xml
=TCO  \\$aZZZ$c008

