=LDR  02700 ai a2200601 a 4500
=001  015876748
=003  Uk
=005  20120111113200.0
=006  m\\\\\\\\m\|\\\\\\
=007  cr\|||||||||||
=008  110825c200u9999ne\uu\d\o\\\\\0\\\a2eng\\
=024  7\$astm20100219e$2local
=040  \\$aUk$beng$cUk
=042  \\$aukblsr
=082  04$a551.5$223
=245  00$a[Atmospheric data access for the geospatial user community Web Portal]$h[electronic resource].
=246  3\$aADAGUC Web Portal
=260  \\$aDe Bilt :$bRoyal Netherlands Meteorological Institute
=336  \\$atext$2rdacontent
=337  \\$acomputer$2rdamedia
=338  \\$aonline resource$2rdacarrier
=500  \\$aTitle supplied by cataloguer (publisher's Web site, viewed Dec. 21, 2011).
=506  \\$aData are free to access.
=516  \\$atext/html; text/plain.
=520  \\$aProvides geospatially linked atmospheric data, including soil moisture, cloud cover, nitrogen dioxide (NO2) and ozone (O3) levels. These are derived from 9 space-borne missions. Precipitation radar data for the Netherlands is also available for every 5 minutes from March 2009 until the present date. These can be visualised as global map layers and downloaded for use in geospatial programmes. Google Earth KML files are available from the ADAGUC website, http://adaguc.knmi.nl/contents/webservices/ADAGUC_in_GoogleEarth.html.
=538  \\$aMode of access: World Wide Web.
=540  \\$aNot stated.
=584  \\$aData are collected by the KNMI.
=584  \\$aAccepting data submissions: No.
=650  \0$aAtmosphere$xResearch$vDatabases.
=650  \0$aPrecipitation (Meteorology)$zNetherlands$vObservations$vDatabases.
=650  \0$aClimatology$xResearch$vDatabases.
=653  2\$aLiving With Environmental Change
=655  \7$aDataset.$2local
=655  \7$aObservational data.$2local
=655  \7$aMonitoring data.$2local
=655  \7$aReference data.$2local
=690  7\$aResearch Datasets Collection$2blcoll
=710  2\$aKoninklijk Nederlands Meteorologisch Instituut.
=856  40$uhttp://geoservices.knmi.nl/adaguc_portal/index.html$yResearch Datasets Collection
=859  \\$aXLD$bdatasets
=CAT  \\$aRESDATASET$b00$c20110825$lBLL01$h1145
=CAT  \\$a7332$b40$c20111221$lBLL01$h0735
=CAT  \\$a7332$b40$c20120111$lBLL01$h1132
=CAT  \\$aBATCH-UPD$b40$c20120821$lBLL01$h1643
=CAT  \\$aBATCH-UPD$b40$c20121018$lBLL01$h1010
=CAT  \\$aWR13.117$c20130718$lBLL01$h1857
=CAT  \\$aW1606-1753$c20171028$lBLL01$h1342
=FIN  \\$aY$d20111221
=FMT  \\$a  SE
=LAS  \\$aW1606-1753$b00$c20171028$lBLL01$h1342
=SRC  \\$aBLDatasets$bstm_datasets_20110825_mrc.xml
=TCO  \\$aZZZ$c008

