=LDR  01989 ai a22005415a 4500
=001  015876749
=003  Uk
=005  20120410133026.0
=006  m\\\\\\\\m\|\\\\\\
=007  cr\|||||||||||
=008  110825c200u9999xxuuu\d\o\\\\\0\\\a2eng\\
=024  7\$astm20110114d$2local
=040  \\$aUk$beng$cUk
=042  \\$aukblsr
=082  04$a551.480973$223
=245  04$aThe National Map NHD$h[electronic resource].
=260  \\$b[United States] :$bUSGS
=336  \\$atext$2rdacontent
=337  \\$acomputer$2rdamedia
=338  \\$aonline resource$2rdacarrier
=500  \\$aTitle from home page (viewed on Apr. 10, 2012).
=506  \\$aData are free to access.
=516  \\$aESRI shapefile; GeoTIFF; ArcGrid; GDB.
=520  \\$aThe National Map NHD provides a map viewer interface to select an area and layers of interest from the U.S. National Hydrology Dataset. Data can be downloaded to Shapefile or personal geodatabase.
=538  \\$aMode of access: World Wide Web.
=540  \\$aNot stated.
=584  \\$aAccepting data submissions: no.
=650  \0$aHydrography$zUnited States$vDatabases.
=650  \0$aHydrology$zUnited States$vDatabases.
=653  2\$aFlooding
=655  \7$aDataset.$2local
=655  \7$aMonitoring data.$2local
=655  \7$aReference data.$2local
=690  7\$aResearch Datasets Collection$2blcoll
=710  2\$aGeological Survey (U.S.)
=856  40$uhttp://viewer.nationalmap.gov/viewer/nhd.html?p=nhd$yResearch Datasets Collection
=859  \\$aXLD$bdatasets
=CAT  \\$aRESDATASET$b00$c20110825$lBLL01$h1145
=CAT  \\$a7332$b40$c20120410$lBLL01$h1330
=CAT  \\$aBATCH-UPD$b40$c20120821$lBLL01$h1643
=CAT  \\$aBATCH-UPD$b40$c20121018$lBLL01$h1009
=CAT  \\$aWR13.117$c20130718$lBLL01$h1857
=CAT  \\$aW1606-1753$c20171028$lBLL01$h1342
=FIN  \\$aY$d20120410
=FMT  \\$a  SE
=LAS  \\$aW1606-1753$b00$c20171028$lBLL01$h1342
=SRC  \\$aBLDatasets$bstm_datasets_20110825_mrc.xml
=TCO  \\$aZZZ$c008

