=LDR  02805 ai a2200649 a 4500
=001  015876750
=003  Uk
=005  20130319111235.0
=006  m\\\\\\\\m\|\\\\\\
=007  cr\|||||||||||
=008  110825c200u9999xxuuu\d\o\\\\\0\\\a2eng\\
=024  7\$astm20100219f$2local
=040  \\$aUk$beng$cUk$dUk
=042  \\$aukblsr
=082  04$a628.53$223
=245  00$aAir markets program data$h[electronic resource].
=246  3\$aData and maps
=247  10$aClean air markets data and maps
=260  \\$a[Washington D.C.] :$bEnvironmental Protection Agency
=336  \\$atext$2rdacontent
=337  \\$acomputer$2rdamedia
=338  \\$aonline resource$2rdacarrier
=500  \\$aTitle from home page (viewed on Dec. 20, 2011).
=506  \\$aData are free to access.
=516  \\$atext/csv.
=520  \\$aClean Air Markets aims to improve air quality by market-based regulation. To aid in this it provides the following data: of emissions allowances and trading (Allowance Data Pre-packaged Data Sets); daily and hourly nitrogen compound (NOx), carbon and sulphur dioxide (CO2 and SO2) emissions by state (Part 75 Pre-packaged Data Sets); compliance data on Acid Rain and NOx budget (Compliance Pre-packaged Data Sets) and finally, air quality as part of CASTNET. Data can be queried by program to create custom reports on emissions, allowances and compliance.
=522  \\$aUnited States.
=538  \\$aMode of access: World Wide Web.
=540  \\$aPublic Domain.
=584  \\$aData are collected by the EPA.
=584  \\$aAccepting data submissions: No.
=650  \0$aAir$xPollution$xStandards$zUnited States$vDatabases.
=650  \0$aAir quality management$zUnited States.
=650  \0$aEnvironmental protection$zUnited States.
=650  \0$aAir quality$zUnited States$vDatabases.
=653  2\$aLiving With Environmental Change
=655  \7$aDataset.$2local
=655  \7$aMonitoring data.$2local
=655  \7$aReference data.$2local
=690  7\$aResearch Datasets Collection$2blcoll
=710  1\$aUnited States.$bEnvironmental Protection Agency.
=856  40$uhttp://ampd.epa.gov/ampd/$yResearch Datasets Collection
=859  \\$aXLD$bdatasets
=CAT  \\$aRESDATASET$b00$c20110825$lBLL01$h1145
=CAT  \\$a8964$b40$c20111215$lBLL01$h0841
=CAT  \\$a7332$b40$c20111220$lBLL01$h1315
=CAT  \\$a7332$b40$c20120328$lBLL01$h1125
=CAT  \\$aBATCH-UPD$b40$c20120821$lBLL01$h1643
=CAT  \\$aBATCH-UPD$b40$c20121018$lBLL01$h1010
=CAT  \\$a7332$b40$c20130319$lBLL01$h1112
=CAT  \\$aWR13.117$c20130718$lBLL01$h1857
=CAT  \\$aW1606-1753$c20171028$lBLL01$h1342
=FIN  \\$aY$d20111220
=FMT  \\$a  SE
=LAS  \\$aW1606-1753$b00$c20171028$lBLL01$h1342
=SRC  \\$aBLDatasets$bstm_datasets_20110825_mrc.xml
=TCO  \\$aZZZ$c008

