=LDR  02749 ai a2200625 a 4500
=001  015876751
=003  Uk
=005  20120103113154.0
=006  m\\\\\\\\m\|\\\\\\
=007  cr\|||||||||||
=008  110825c200u9999xxcuu\d\o\\\\\0\\\a2eng\\
=024  7\$astm20100219g$2local
=040  \\$aUk$beng$cUk
=041  0\$aeng$afre
=042  \\$aukblsr
=082  04$a551.6072$223
=245  00$aData$h[electronic resource] /$cCanadian Centre for Climate Modelling and Analysis
=246  1\$iFrench interface title:$aCentre canadien de la modeÌlisation et de l'analyse climatique
=260  \\$aVictoria :$bCanadian Centre for Climate Modelling and Analysis
=336  \\$atext$2rdacontent
=337  \\$acomputer$2rdamedia
=338  \\$aonline resource$2rdacarrier
=500  \\$aTitle from home page (viewed on Dec. 20, 2011).
=506  \\$aUsers must register to access data.
=516  \\$atext/plain.
=520  \\$aProvides data output from climate models run at the CCCma. Model data available includes first through to fourth generation atmospheric general circulation models, current atmospheric general circulation model and first through to fourth generation coupled global circulation models. Users must register to obtain a username and password to access the data.
=538  \\$aMode of access: World Wide Web.
=540  \\$aThe Government of Canada (Environment Canada) is the owner of all intellectual property rights (including copyright) of this software and data product.
=546  \\$aInterface in English and French.
=584  \\$aData are created by the CCCma.
=584  \\$aAccepting data submissions: No.
=650  \0$aClimatology$xResearch$vDatabases.
=650  \0$aClimatology$xMathematical models$vDatabases.
=653  2\$aLiving With Environmental Change
=655  \7$aDataset.$2local
=655  \7$aModelled data.$2local
=655  \7$aMonitoring data.$2local
=655  \7$aReference data.$2local
=690  7\$aResearch Datasets Collection$2blcoll
=710  1\$aCanada.$bEnvironment Canada.
=710  2\$aCanadian Centre for Climate Modelling and Analysis.
=856  40$uhttp://www.cccma.ec.gc.ca/data/data.shtml$yResearch Datasets Collection
=859  \\$aXLD$bdatasets
=CAT  \\$aRESDATASET$b00$c20110825$lBLL01$h1145
=CAT  \\$a7332$b40$c20111220$lBLL01$h1128
=CAT  \\$a7332$b40$c20120103$lBLL01$h1131
=CAT  \\$aBATCH-UPD$b40$c20120821$lBLL01$h1643
=CAT  \\$aBATCH-UPD$b40$c20121018$lBLL01$h1009
=CAT  \\$aWR13.117$c20130718$lBLL01$h1857
=CAT  \\$aW1606-1753$c20171028$lBLL01$h1342
=FIN  \\$aY$d20111220
=FMT  \\$a  SE
=LAS  \\$aW1606-1753$b00$c20171028$lBLL01$h1342
=SRC  \\$aBLDatasets$bstm_datasets_20110825_mrc.xml
=TCO  \\$aZZZ$c008

