=LDR  02853 ai a2200649 a 4500
=001  015876752
=003  Uk
=005  20130604081516.0
=006  m\\\\\\\\m\|\\\\\\
=007  cr\|||||||||||
=008  110825c200u9999ii\uu\d\o\\\\\0\\\a2eng\\
=024  7\$astm20100219h$2local
=040  \\$aUk$beng$cUk$dUk
=042  \\$aukblsr
=082  04$a551.65454$223
=245  00$a[Meteorological datasets]$h[electronic resource].
=246  3\$aMet data
=260  \\$aBangalore :$bIndia Water Portal
=336  \\$atext$2rdacontent
=337  \\$acomputer$2rdamedia
=338  \\$aonline resource$2rdacarrier
=500  \\$aTitle supplied by cataloguer (publisher's Web site, viewed Dec. 20, 2011).
=506  \\$aData are free to access.
=516  \\$atext/html; text/csv; application/msexcel.
=520  \\$aProvides meteorological data for water resource planning and research in India. Available data includes, precipitation, temperature, cloud cover, ground frost and evapotranspiration, by state and districts of India from 1901 to 2002. Data from 2004 to 2008 is available in a separate Excel sheet from http://indiawaterportal.org/sites/indiawaterportal.org/files/RainFall_data_Excel_StateWise_NA_0.xls. Once data is selected it can be visualised graphically and downloaded in CSV or Excel formats.
=522  \\$aIndia.
=538  \\$aMode of access: World Wide Web.
=540  \\$aNot stated.
=584  \\$aData were collected by the India Meteorological Department.
=584  \\$aAccepting data submissions: No.
=650  \0$aMeteorology$zIndia$vObservations$vDatabases.
=651  \0$aIndia$xClimate$vObservations$vDatabases.
=653  2\$aLiving With Environmental Change
=655  \7$aDataset.$2local
=655  \7$aObservational data.$2local
=655  \7$aMonitoring data.$2local
=655  \7$aReference data.$2local
=690  7\$aResearch Datasets Collection$2blcoll
=710  2\$aIndia Water Portal.
=856  40$uhttp://www.indiawaterportal.org/articles/meteorological-datasets-download-entire-datasets-various-meteorological-indicators-1901$yResearch Datasets Collection
=859  \\$aXLD$bdatasets
=CAT  \\$aRESDATASET$b00$c20110825$lBLL01$h1145
=CAT  \\$a7332$b40$c20111220$lBLL01$h0913
=CAT  \\$a7332$b40$c20120104$lBLL01$h1130
=CAT  \\$a7332$b40$c20120111$lBLL01$h1129
=CAT  \\$aBATCH-UPD$b40$c20120821$lBLL01$h1643
=CAT  \\$aBATCH-UPD$b40$c20121018$lBLL01$h1010
=CAT  \\$a7332$b40$c20130425$lBLL01$h0739
=CAT  \\$a7332$b40$c20130604$lBLL01$h0815
=CAT  \\$aWR13.117$c20130718$lBLL01$h1857
=CAT  \\$aBATCH-UPD$b00$c20160924$lBLL01$h0300
=CAT  \\$aW1606-1753$c20171028$lBLL01$h1342
=FIN  \\$aY$d20111220
=FMT  \\$a  SE
=LAS  \\$aW1606-1753$b00$c20171028$lBLL01$h1342
=SRC  \\$aBLDatasets$bstm_datasets_20110825_mrc.xml
=TCO  \\$aZZZ$c008

