=LDR  02293 ai a2200577 a 4500
=001  015876753
=003  Uk
=005  20120104095643.0
=006  m\\\\\\\\m\|\\\\\\
=007  cr\|||||||||||
=008  110825c200u9999xx\uu\d\o\\\\\0\\\a2eng\\
=024  7\$astm20100223a$2local
=040  \\$aUk$beng$cUk
=042  \\$aukblsr
=082  04$a551.6072$223
=245  00$aIntergovernmental Panel on Climate Change Data Distribution Centre$h[electronic resource].
=246  3\$aIPCC Data Distribution Centre
=260  \\$a[S.l.] :$bIntergovernmental Panel on Climate Change
=336  \\$atext$2rdacontent
=337  \\$acomputer$2rdamedia
=338  \\$aonline resource$2rdacarrier
=500  \\$aTitle from home page (viewed on Dec. 20, 2011).
=506  \\$aData are free to access.
=516  \\$atext/html; application/msexcel.
=520  \\$aProvides climate observations (temperature, high resolution climatology from 1901-1990), climate models (outputs and monthly averages) and socio-economic data (baseline and scenarios) that have been used as part of the IPCC reports.
=538  \\$aMode of access: World Wide Web.
=540  \\$aNot stated.
=584  \\$aData are collated from various sources by the IPCC.
=584  \\$aAccepting data submissions: No.
=650  \0$aClimatology$vObservations$vDatabases.
=653  2\$aLiving With Environmental Change
=655  \7$aDataset.$2local
=655  \7$aModelled data.$2local
=655  \7$aMonitoring data.$2local
=655  \7$aReference data.$2local
=690  7\$aResearch Datasets Collection$2blcoll
=710  2\$aIntergovernmental Panel on Climate Change.$bData Distribution Centre.
=856  40$uhttp://www.ipcc-data.org/ddc_about.html$yResearch Datasets Collection
=859  \\$aXLD$bdatasets
=CAT  \\$aRESDATASET$b00$c20110825$lBLL01$h1145
=CAT  \\$a7332$b40$c20111220$lBLL01$h0753
=CAT  \\$a7332$b40$c20120104$lBLL01$h0956
=CAT  \\$aBATCH-UPD$b40$c20120821$lBLL01$h1643
=CAT  \\$aBATCH-UPD$b40$c20121018$lBLL01$h1010
=CAT  \\$aWR13.117$c20130718$lBLL01$h1857
=CAT  \\$aW1606-1753$c20171028$lBLL01$h1342
=FIN  \\$aY$d20111220
=FMT  \\$a  SE
=LAS  \\$aW1606-1753$b00$c20171028$lBLL01$h1342
=SRC  \\$aBLDatasets$bstm_datasets_20110825_mrc.xml
=TCO  \\$aZZZ$c008

