=LDR  02206 ai a2200577 a 4500
=001  015876754
=003  Uk
=005  20130425083300.0
=006  m\\\\\\\\m\|\\\\\\
=007  cr\|||||||||||
=008  110825c200u9999ne\uu\d\o\\\\\0\\\a2eng\\
=024  7\$astm20100301a$2local
=040  \\$aUk$beng$cUk$dUk
=042  \\$aukblsr
=082  04$a636.08556$223
=245  00$aPhyllis database for biomass and waste$h[electronic resource].
=260  \\$aPetten :$bEnergy research Centre of the Netherlands
=336  \\$atext$2rdacontent
=337  \\$acomputer$2rdamedia
=338  \\$aonline resource$2rdacarrier
=500  \\$aTitle from HTML header (viewed on Sept. 29, 2011).
=506  \\$aData are free to access.
=516  \\$atext/html.
=520  \\$aProvides data on the composition (both elemental and biochemical) of biomass feedstocks, and allows users to create calculations of the content of composite biomass feedstock.
=538  \\$aMode of access: World Wide Web.
=540  \\$aCreators/Contributors retain copyright.
=584  \\$aData are derived from the literature and ECN research.
=584  \\$aAccepting data submissions: No.
=650  \0$aBiomass chemicals$xAnalysis$vDatabases.
=650  \0$aFeedstock$xAnalysis$vDatabases.
=653  2\$aLiving With Environmental Change
=655  \7$aDataset.$2local
=655  \7$aExperimental data.$2local
=655  \7$aReference data.$2local
=690  7\$aResearch Datasets Collection$2blcoll
=710  2\$aStichting Energieonderzoek Centrum Nederland.
=856  40$uhttp://www.ecn.nl/phyllis2/$yResearch Datasets Collection
=859  \\$aXLD$bdatasets
=CAT  \\$aRESDATASET$b00$c20110825$lBLL01$h1145
=CAT  \\$a7332$b40$c20110929$lBLL01$h1310
=CAT  \\$a7332$b40$c20110929$lBLL01$h1313
=CAT  \\$aBATCH-UPD$b40$c20120821$lBLL01$h1643
=CAT  \\$aBATCH-UPD$b40$c20121018$lBLL01$h1010
=CAT  \\$a7332$b40$c20130425$lBLL01$h0833
=CAT  \\$aWR13.117$c20130718$lBLL01$h1857
=CAT  \\$aW1606-1753$c20171028$lBLL01$h1342
=FIN  \\$aY$d20110929
=FMT  \\$a  SE
=LAS  \\$aW1606-1753$b00$c20171028$lBLL01$h1342
=SRC  \\$aBLDatasets$bstm_datasets_20110825_mrc.xml
=TCO  \\$aZZZ$c008

