=LDR  02523 ai a2200601 a 4500
=001  015876757
=003  Uk
=005  20111214113644.0
=006  m\\\\\\\\m\|\\\\\\
=007  cr\|||||||||||
=008  110825c200u9999xxuuu\d\o\\\\\0\\\a2eng\\
=024  7\$astm20100304f$2local
=040  \\$aUk$beng$cUk
=042  \\$aukblsr
=082  04$a551.4655$223
=245  00$aAERONET.$pOcean color$h[electronic resource].
=246  3\$aAerosol Robotic Network.$pOcean color
=260  \\$aGreenbelt :$bGoddard Space Flight Centre
=336  \\$atext$2rdacontent
=337  \\$acomputer$2rdamedia
=338  \\$aonline resource$2rdacarrier
=500  \\$aTitle from home page (viewed on Dec. 14, 2011).
=506  \\$aData are free to access.
=510  3\$uhttp://dx.doi.org/10.1016/S0034-4257(98)00031-5
=516  \\$atext/plain; image/gif.
=520  \\$aProvides ocean colour data at three levels: unscreened data, cloud screened data and cloud screen, quality assured data. These are from 7 sites in North America, Europe and the Middle East measuring water-leaving radiance with modified sun-photometers on offshore platforms. Data are vital to validation of satellite measures of ocean colour. Plots of readings over time are available, and can be downloaded in plain text and binary format.
=538  \\$aMode of access: World Wide Web.
=540  \\$aNot stated.
=584  \\$aData are collected by AERONET.
=584  \\$aAccepting data submissions: No.
=650  \0$aOptical oceanography$xRemote sensing$vDatabases.
=653  2\$aLiving With Environmental Change
=655  \7$aDataset.$2local
=655  \7$aMonitoring data.$2local
=655  \7$aLongitudinal data.$2local
=655  \7$aReference data.$2local
=690  7\$aResearch Datasets Collection$2blcoll
=710  2\$aGoddard Space Flight Center.
=856  40$uhttp://aeronet.gsfc.nasa.gov/new_web/ocean_color.html$yResearch Datasets Collection
=859  \\$aXLD$bdatasets
=CAT  \\$aRESDATASET$b00$c20110825$lBLL01$h1145
=CAT  \\$a7332$b40$c20111214$lBLL01$h1042
=CAT  \\$a7332$b40$c20111214$lBLL01$h1135
=CAT  \\$a7332$b40$c20111214$lBLL01$h1136
=CAT  \\$aBATCH-UPD$b40$c20120821$lBLL01$h1643
=CAT  \\$aBATCH-UPD$b40$c20121018$lBLL01$h1009
=CAT  \\$aWR13.117$c20130718$lBLL01$h1857
=CAT  \\$aW1606-1753$c20171028$lBLL01$h1342
=FIN  \\$aY$d20111214
=FMT  \\$a  SE
=LAS  \\$aW1606-1753$b00$c20171028$lBLL01$h1342
=SRC  \\$aBLDatasets$bstm_datasets_20110825_mrc.xml
=TCO  \\$aZZZ$c008

