=LDR  02266 ai a2200589 a 4500
=001  015876760
=003  Uk
=005  20120118130224.0
=006  m\\\\\\\\m\|\\\\\\
=007  cr\|||||||||||
=008  110825c200u9999xxuuu\d\o\\\\\0\\\a2eng\\
=024  7\$astm20100304b$2local
=040  \\$aUk$beng$cUk
=042  \\$aukblsr
=082  04$a551.4655$223
=245  00$aOceanColor web$h[electronic resource].
=246  3\$aOcean color web
=260  \\$aGreenbelt :$bGoddard Space Flight Centre
=336  \\$atext$2rdacontent
=337  \\$acomputer$2rdamedia
=338  \\$aonline resource$2rdacarrier
=500  \\$aTitle from home page (viewed on Jan. 18, 2012).
=506  \\$aData are free to access.
=516  \\$aimage/png.
=520  \\$aProvides ocean colour images and data derived from various satellite missions, including MODIS, Landsat and SeaWiFS. To Access data, select the 'Data' from the menu, followed by the project and data level of interest. Individual files can be browsed using the data archive option.
=538  \\$aMode of access: World Wide Web.
=540  \\$aCreators/Contributors retain copyright.
=584  \\$aData are collected from GSFC missions.
=584  \\$aAccepting data submissions: No.
=650  \0$aOcean color$xRemote sensing$vDatabases.
=650  \0$aOptical oceanography$vDatabases.
=653  2\$aLiving With Environmental Change
=655  \7$aDataset.$2local
=655  \7$aMonitoring data.$2local
=655  \7$aObservational data.$2local
=655  \7$aReference data.$2local
=690  7\$aResearch Datasets Collection$2blcoll
=710  2\$aGoddard Space Flight Center.
=856  40$uhttp://oceancolor.gsfc.nasa.gov/$yResearch Datasets Collection
=859  \\$aXLD$bdatasets
=CAT  \\$aRESDATASET$b00$c20110825$lBLL01$h1145
=CAT  \\$a5194$b40$c20111019$lBLL01$h1411
=CAT  \\$a7332$b40$c20120118$lBLL01$h1302
=CAT  \\$aBATCH-UPD$b40$c20120821$lBLL01$h1643
=CAT  \\$aBATCH-UPD$b40$c20121018$lBLL01$h1009
=CAT  \\$aWR13.117$c20130718$lBLL01$h1857
=CAT  \\$aW1606-1753$c20171028$lBLL01$h1342
=FIN  \\$aY$d20120118
=FMT  \\$a  SE
=LAS  \\$aW1606-1753$b00$c20171028$lBLL01$h1342
=SRC  \\$aBLDatasets$bstm_datasets_20110825_mrc.xml
=TCO  \\$aZZZ$c008

