=LDR  02240 ai a2200589 a 4500
=001  015876761
=003  Uk
=005  20111202132100.0
=006  m\\\\\\\\m\|\\\\\\
=007  cr\|||||||||||
=008  110825c200u9999enkuu\d\o\\\\\0\\\a2eng\\
=024  7\$astm20100304a$2local
=040  \\$aUk$beng$cUk
=042  \\$aukblsr
=082  04$a551.50941$223
=245  00$aHistoric station data$h[electronic resource].
=260  \\$aExeter :$bMet Office
=336  \\$atext$2rdacontent
=337  \\$acomputer$2rdamedia
=338  \\$aonline resource$2rdacarrier
=500  \\$aTitle from home page (viewed on Dec. 2, 2011).
=506  \\$aData are free to access.
=516  \\$atext/plain.
=520  \\$aProvides minimum and maximum temperatures, days of air frost, total rainfall and total sunshine duration. Data are from 37 stations in the UK, some of which provide data from 1853 onwards. These data are freely available to download.
=522  \\$aUnited Kingdom.
=538  \\$aMode of access: World Wide Web.
=540  \\$aCrown Copyright.
=584  \\$aData are collected by the Met Office.
=584  \\$aAccepting data submissions: No.
=650  \0$aMeteorology$zGreat Britain$vObservations$vDatabases.
=651  \0$aGreat Britain$xClimate$vObservations$vDatabases.
=653  2\$aLiving With Environmental Change
=655  \7$aDataset.$2local
=655  \7$aLongitudinal data.$2local
=655  \7$aMonitoring data.$2local
=655  \7$aReference data.$2local
=690  7\$aResearch Datasets Collection$2blcoll
=710  1\$aGreat Britain.$bMeteorological Office.
=856  40$uhttp://www.metoffice.gov.uk/climate/uk/stationdata/$yResearch Datasets Collection
=859  \\$aXLD$bdatasets
=CAT  \\$aRESDATASET$b00$c20110825$lBLL01$h1145
=CAT  \\$a7332$b40$c20111202$lBLL01$h0828
=CAT  \\$a7332$b40$c20111202$lBLL01$h1321
=CAT  \\$aBATCH-UPD$b40$c20120821$lBLL01$h1643
=CAT  \\$aBATCH-UPD$b40$c20121018$lBLL01$h1009
=CAT  \\$aWR13.117$c20130718$lBLL01$h1857
=CAT  \\$aW1606-1753$c20171028$lBLL01$h1342
=FIN  \\$aY$d20111202
=FMT  \\$a  SE
=LAS  \\$aW1606-1753$b00$c20171028$lBLL01$h1342
=SRC  \\$aBLDatasets$bstm_datasets_20110825_mrc.xml
=TCO  \\$aZZZ$c008

