=LDR  02831 mm a2200661 a 4500
=001  015876766
=003  Uk
=005  20120717161451.0
=007  cr\|||||||||||
=008  110825s2003\\\\gw\\\\\\\\\a\\\\\\\\eng\\
=024  7\$astm20100305e$2local
=024  7\$a10.1594/PANGAEA.115860$2doi
=040  \\$aUk$beng$cUk$dUk
=042  \\$aukblsr
=082  04$a551.5246537$223
=245  00$aPartial pressure of CO2 in air, along ship track of cruise TT044$h[electronic resource].
=260  \\$a[Germany] :$bPANGAEA,$c2003.
=336  \\$acomputer dataset$2rdacontent
=337  \\$acomputer$2rdamedia
=338  \\$aonline resource$2rdacarrier
=500  \\$aTitle from home page (viewed on Sept. 29, 2011).
=500  \\$aData is static.
=506  \\$aData are free to access.
=516  \\$atext/plain; text/html.
=518  \\$a1995-02-10T05:56:00 - 1995-02-28T06:17:00.
=520  \\$aData was collected as part of the Joint Global Ocean Flux Study (JGOFS). Measurements of surface seawater carbon dioxide partial pressure (pCO2) in wet air were continuously monitored using an NDIR analyzer and performed according to the recommended protocols described in the 1991 DOE handbook of methods for the analysis of the various parameters of the carbon dioxide system in sea water.
=522  \\$a57.3133, 64.6066, 14.6510, 22.4989.
=538  \\$aMode of access: World Wide Web.
=540  \\$aNot stated.
=584  \\$aData were collected by the creator.
=584  \\$aAccepting data submissions: No.
=650  \0$aSeawater$xCarbon dioxide content$vDatabases.
=650  \0$aOcean-atmosphere interaction$zArabian Sea$vDatabases.
=650  \0$aChemical oceanography$zArabian Sea$vDatabases.
=653  2\$aLiving With Environmental Change
=655  \7$aDataset.$2local
=655  \7$aMonitoring data.$2local
=690  7\$aResearch Datasets Collection$2blcoll
=700  1\$aGoyet, Catherine.
=710  2\$aAlfred-Wegener-Institut für Polar- und Meeresforschung.
=710  2\$aMARUM Center for Marine Environmental Sciences.
=710  2\$aJoint Global Ocean Flux Study.
=856  40$uhttp://dx.doi.org/10.1594/PANGAEA.115860$yResearch Datasets Collection
=859  \\$aXLD$bdatasets
=CAT  \\$aRESDATASET$b00$c20110825$lBLL01$h1145
=CAT  \\$a7332$b40$c20110929$lBLL01$h1016
=CAT  \\$a7332$b40$c20111004$lBLL01$h0750
=CAT  \\$aBATCH-UPD$b40$c20120218$lBLL01$h1740
=CAT  \\$a11279$b40$c20120717$lBLL01$h1614
=CAT  \\$aBATCH-UPD$b40$c20120821$lBLL01$h1643
=CAT  \\$aBATCH-UPD$b40$c20121018$lBLL01$h1009
=CAT  \\$aWR13.117$c20130718$lBLL01$h1857
=CAT  \\$aW1606-1753$c20171028$lBLL01$h1342
=FIN  \\$aY$d20110929
=FMT  \\$a  CF
=LAS  \\$aW1606-1753$b00$c20171028$lBLL01$h1342
=SRC  \\$aBLDatasets$bstm_datasets_20110825_mrc.xml
=TCO  \\$aZZZ$c008

