=LDR  02599 ai a2200613 a 4500
=001  015876769
=003  Uk
=005  20111201102715.0
=006  m\\\\\\\\m\|\\\\\\
=007  cr\|||||||||||
=008  110825c200u9999xxuuu\d\o\s\\\0\\\a2eng\\
=024  7\$astm20100308a$2local
=040  \\$aUk$beng$cUk
=042  \\$aukblsr
=082  04$a333.9539$223
=245  00$aBiomass energy data book$h[electronic resource].
=260  \\$aOak Ridge :$bOak Ridge National Laboratory
=336  \\$atext$2rdacontent
=337  \\$acomputer$2rdamedia
=338  \\$aonline resource$2rdacarrier
=500  \\$aTitle from home page (viewed on Dec. 1, 2011).
=506  \\$aData are free to access.
=516  \\$aapplication/msexcel.
=520  \\$aProvides biofuel consumption, production, source and refinery data, along with crop yield information and energy conversion data. Some of the data are estimates and so are dependant on assumptions. Data tables are available in spreadsheet format. The resource is intended to support those with an interest in the biomass industry and show how aligned resources and technologies can support energy demands.
=538  \\$aMode of access: World Wide Web.
=540  \\$aNot stated.
=584  \\$aData are collected by ORNL.
=584  \\$aAccepting data submissions: No.
=650  \0$aBiomass energy industries$zUnited States$vStatistics$vDatabases.
=650  \0$aEnergy consumption$zUnited States$vStatistics$vDatabases.
=650  \0$aEnergy crops$zUnited States$vStatistics$vDatabases.
=650  \0$aPower resources$zUnited States$vStatistics$vDatabases.
=653  2\$aLiving With Environmental Change
=655  \7$aDataset.$2local
=655  \7$aExperimental data.$2local
=655  \7$aReference data.$2local
=690  7\$aResearch Datasets Collection$2blcoll
=710  1\$aUnited States.$bDepartment of Energy.
=710  2\$aOak Ridge National Laboratory.
=856  40$uhttp://cta.ornl.gov/bedb/index.shtml$yResearch Datasets Collection
=859  \\$aXLD$bdatasets
=985  \\$aRecord amended for WR# 13/070
=CAT  \\$aRESDATASET$b00$c20110825$lBLL01$h1145
=CAT  \\$a7332$b40$c20111201$lBLL01$h1027
=CAT  \\$aBATCH-UPD$b40$c20120821$lBLL01$h1643
=CAT  \\$aBATCH-UPD$b40$c20121018$lBLL01$h1010
=CAT  \\$aWR13_070$b00$c20130504$lBLL01$h0333
=CAT  \\$aWR13.117$c20130718$lBLL01$h1857
=CAT  \\$aW1606-1753$c20171028$lBLL01$h1342
=FIN  \\$aY$d20111201
=FMT  \\$a  SE
=LAS  \\$aW1606-1753$b00$c20171028$lBLL01$h1342
=SRC  \\$aBLDatasets$bstm_datasets_20110825_mrc.xml
=TCO  \\$aZZZ$c008

