=LDR  02315 ai a2200589 a 4500
=001  015876772
=003  Uk
=005  20111203131332.0
=006  m\\\\\\\\m\|\\\\\\
=007  cr\|||||||||||
=008  110825c200u9999xxuuu\d\o\\\\\0\\\a2eng\\
=024  7\$astm20100308g$2local
=040  \\$aUk$beng$cUk
=042  \\$aukblsr
=082  04$a363.738709778411$223
=245  00$aMobile source emission factor research$h[electronic resource].
=260  \\$aWashington D.C. :$bUnited States Environmental Protection Agency
=336  \\$atext$2rdacontent
=337  \\$acomputer$2rdamedia
=338  \\$aonline resource$2rdacarrier
=500  \\$aTitle from home page (viewed on Dec. 3, 2011).
=500  \\$aData is static.
=506  \\$aData are free to access.
=516  \\$aapplication/dbf.
=520  \\$aProvides data from a mobile emissions (exhaust) test programme carried out in Kansas city. Vehicle information and emissions data are provided in a DBF format, for use in dBASE.
=522  \\$aKansas City.
=538  \\$aMode of access: World Wide Web.
=540  \\$aPublic Domain.
=584  \\$aData was collected by the EPA.
=650  \0$aAutomobiles$xMotors$xExhaust gas$zMissouri$zKansas City$vDatabases.
=650  \0$aAir quality management$zMissouri$zKansas City$vDatabases.
=653  2\$aLiving With Environmental Change
=655  \7$aDataset.$2local
=655  \7$aMonitoring data.$2local
=655  \7$aReference data.$2local
=690  7\$aResearch Datasets Collection$2blcoll
=710  1\$aUnited States.$bEnvironmental Protection Agency.$bOffice of Transportation and Air Quality.
=856  40$uhttp://epa.gov/oms/emission-factors-research/index.htm$yResearch Datasets Collection
=859  \\$aXLD$bdatasets
=CAT  \\$aRESDATASET$b00$c20110825$lBLL01$h1145
=CAT  \\$a7332$b40$c20111203$lBLL01$h1304
=CAT  \\$a7332$b40$c20111203$lBLL01$h1312
=CAT  \\$a7332$b40$c20111203$lBLL01$h1313
=CAT  \\$aBATCH-UPD$b40$c20120821$lBLL01$h1643
=CAT  \\$aBATCH-UPD$b40$c20121018$lBLL01$h1010
=CAT  \\$aWR13.117$c20130718$lBLL01$h1857
=CAT  \\$aW1606-1753$c20171028$lBLL01$h1342
=FIN  \\$aY$d20111203
=FMT  \\$a  SE
=LAS  \\$aW1606-1753$b00$c20171028$lBLL01$h1342
=SRC  \\$aBLDatasets$bstm_datasets_20110825_mrc.xml
=TCO  \\$aZZZ$c008

