=LDR  02695 ai a2200625 a 4500
=001  015876773
=003  Uk
=005  20111101114213.0
=006  m\\\\\\\\m\|\\\\\\
=007  cr\|||||||||||
=008  110825c200u9999ne\uu\d\o\\\\\0\\\a2eng\\
=024  7\$astm20100309b$2local
=040  \\$aUk$beng$cUk
=042  \\$aukblsr
=082  04$a551.6072$223
=245  00$aCESAR database$h[electronic resource].
=246  3\$aCabauw Experimental Site for Atmospheric Research Database
=260  \\$a[The Netherlands] :$bCesar Consortium
=336  \\$atext$2rdacontent
=337  \\$acomputer$2rdamedia
=338  \\$aonline resource$2rdacarrier
=500  \\$aTitle from home page (viewed on Oct. 25, 2011).
=506  \\$aUsers must register to access data.
=510  3\$uhttp://dx.doi.org/10.1109/IGARSS.2008.4779496
=516  \\$abinary.
=520  \\$aThe Cesar observatory is intended to study atmosphere-land surface interactions for use in climate modelling and to provide long-term observations of climate. This site provides observations of atmospheric state, wind, clouds, aerosols, greenhouse gases, surface and elevated fluxes, hydrology and infra-sound. These can be visualised graphically, over time and data can be downloaded in binary format. Users must register to view and download data, but registration is free.
=522  \\$aThe Netherlands.
=538  \\$aMode of access: World Wide Web.
=540  \\$aNot stated.
=584  \\$aData is collected at the Cesar Observatory.
=584  \\$aAccepting data submissions: No.
=650  \0$aBoundary layer (Meteorology)$vObservations$zNetherlands$vDatabases.
=650  \0$aAtmosphere$vObservations$zNetherlands$vDatabases.
=650  \0$aClimatology$xResearch$vDatabases.
=653  2\$aLiving With Environmental Change
=655  \7$aDataset.$2local
=655  \7$aObservational data.$2local
=655  \7$aMonitoring data.$2local
=655  \7$aReference data.$2local
=690  7\$aResearch Datasets Collection$2blcoll
=710  2\$aCabauw Experimental Site for Atmospheric Research.
=856  40$uhttp://www.cesar-database.nl/$yResearch Datasets Collection
=859  \\$aXLD$bdatasets
=CAT  \\$aRESDATASET$b00$c20110825$lBLL01$h1145
=CAT  \\$a7332$b40$c20111025$lBLL01$h1245
=CAT  \\$a7332$b40$c20111101$lBLL01$h1142
=CAT  \\$aBATCH-UPD$b40$c20120821$lBLL01$h1643
=CAT  \\$aBATCH-UPD$b40$c20121018$lBLL01$h1009
=CAT  \\$aWR13.117$c20130718$lBLL01$h1857
=CAT  \\$aW1606-1753$c20171028$lBLL01$h1342
=FIN  \\$aY$d20111025
=FMT  \\$a  SE
=LAS  \\$aW1606-1753$b00$c20171028$lBLL01$h1342
=SRC  \\$aBLDatasets$bstm_datasets_20110825_mrc.xml
=TCO  \\$aZZZ$c008

