=LDR  02519 ai a2200637 a 4500
=001  015876774
=003  Uk
=005  20111221071505.0
=006  m\\\\\\\\m\|\\\\\\
=007  cr\|||||||||||
=008  110825c200u9999ne\uu\d\o\\\\\0\\\a2eng\\
=024  7\$astm20100309a$2local
=040  \\$aUk$beng$cUk
=042  \\$aukblsr
=082  04$a551.513$223
=245  00$aTropospheric Emission Monitoring Internet Service$h[electronic resource].
=246  3\$aTEMIS
=260  \\$aDe Bilt :$bRoyal Netherlands Meteorological Institute
=336  \\$atext$2rdacontent
=337  \\$acomputer$2rdamedia
=338  \\$aonline resource$2rdacarrier
=500  \\$aTitle from home page (viewed on Sept. 14, 2011).
=506  \\$aData are free to access.
=516  \\$atext/plain.
=520  \\$aProvides data on air pollution within the troposphere, including nitrogen dioxide (NO2), formaldehyde (CH2O), sulphur dioxide (SO2), aerosol, ozone (O3) and cloud data. Data are derived from various missions and are visualised in a map view or can be downloaded in ASCII files.
=538  \\$aMode of access: World Wide Web.
=540  \\$aNot stated.
=584  \\$aData are collected from ESA missions by TEMIS.
=584  \\$aAccepting data submissions: No.
=650  \0$aTropospheric chemistry$xObservations$vDatabases.
=650  \0$aTroposphere$xEnvironmental aspects$xRemote sensing$vDatabases.
=650  \0$aTroposphere$xRemote sensing$vDatabases.
=653  2\$aLiving With Environmental Change
=655  \7$aDataset.$2local
=655  \7$aObservational data.$2local
=655  \7$aMonitoring data.$2local
=655  \7$aReference data.$2local
=690  7\$aResearch Datasets Collection$2blcoll
=710  2\$aEuropean Space Agency.
=710  2\$aKoninklijk Nederlands Meteorologisch Instituut.
=856  40$uhttp://www.temis.nl/$yResearch Datasets Collection
=859  \\$aXLD$bdatasets
=CAT  \\$aRESDATASET$b00$c20110825$lBLL01$h1145
=CAT  \\$a7332$b40$c20110914$lBLL01$h0811
=CAT  \\$a7332$b40$c20110914$lBLL01$h0814
=CAT  \\$a7332$b40$c20110914$lBLL01$h0816
=CAT  \\$a7332$b40$c20111221$lBLL01$h0715
=CAT  \\$aBATCH-UPD$b40$c20120821$lBLL01$h1643
=CAT  \\$aBATCH-UPD$b40$c20121018$lBLL01$h1009
=CAT  \\$aWR13.117$c20130718$lBLL01$h1857
=CAT  \\$aW1606-1753$c20171028$lBLL01$h1342
=FIN  \\$aY$d20110914
=FMT  \\$a  SE
=LAS  \\$aW1606-1753$b00$c20171028$lBLL01$h1342
=SRC  \\$aBLDatasets$bstm_datasets_20110825_mrc.xml
=TCO  \\$aZZZ$c008

