=LDR  02782 ai a2200637 a 4500
=001  015876775
=003  Uk
=005  20111025133548.0
=006  m\\\\\\\\m\|\\\\\\
=007  cr\|||||||||||
=008  110825c200u9999ne\dr\d\o\\\\\0\\\a2eng\\
=024  7\$astm20100309c$2local
=040  \\$aUk$beng$cUk
=042  \\$aukblsr
=082  04$a551.5094$223
=245  00$aEuropean Climate Assessment & Dataset.$pDaily data$h[electronic resource].
=246  3\$aEuropean Climate Assessment and Dataset.$pDaily data
=246  3\$aECA&D daily data
=260  \\$aDe Bilt, The Netherlands :$bKNMI
=310  \\$aDaily
=336  \\$atext$2rdacontent
=337  \\$acomputer$2rdamedia
=338  \\$aonline resource$2rdacarrier
=500  \\$aTitle from home page (viewed on Oct. 25, 2011).
=506  \\$aSome data are restricted/sensitive.
=510  3\$uhttp://dx.doi.org/10.1002/joc.1779
=516  \\$atext/plain.
=520  \\$aProvides daily meteorological observations from 3294 European weather stations. Data is available to download as blended - where gaps in data for a station are in filled using measurements from nearby stations - or un-blended. Longitudinal plots of data can also be viewed for each station. Information on stations available includes area land use and photographs. There is also an extreme event catalogue that visualises important meteorological data on events such as floods, droughts, extreme cold events and heat waves, from nearby stations.
=522  \\$aEurope.
=538  \\$aMode of access: World Wide Web.
=540  \\$aNot stated.
=584  \\$aData is collected from European Meteorological Stations by ECA&D.
=584  \\$aAccepting data submissions: No.
=650  \0$aMeteorology$zEurope$vObservations$vDatabases.
=650  \0$aClimatic changes$zEurope$vObservations$vDatabases.
=651  \0$aEurope$xClimate$vDatabases.
=653  2\$aLiving With Environmental Change
=655  \7$aDataset.$2local
=655  \7$aObservational data.$2local
=655  \7$aMonitoring data.$2local
=655  \7$aReference data.$2local
=690  7\$aResearch Datasets Collection$2blcoll
=710  2\$aKoninklijk Nederlands Meteorologisch Instituut.
=856  40$uhttp://eca.knmi.nl/dailydata/index.php$yResearch Datasets Collection
=859  \\$aXLD$bdatasets
=CAT  \\$aRESDATASET$b00$c20110825$lBLL01$h1145
=CAT  \\$a7332$b40$c20111025$lBLL01$h1335
=CAT  \\$aBATCH-UPD$b40$c20120821$lBLL01$h1643
=CAT  \\$aBATCH-UPD$b40$c20121018$lBLL01$h1010
=CAT  \\$aWR13.117$c20130718$lBLL01$h1857
=CAT  \\$aW1606-1753$c20171028$lBLL01$h1342
=FIN  \\$aY$d20111025
=FMT  \\$a  SE
=LAS  \\$aW1606-1753$b00$c20171028$lBLL01$h1342
=SRC  \\$aBLDatasets$bstm_datasets_20110825_mrc.xml
=TCO  \\$aZZZ$c008

