=LDR  02598 ai a2200601 a 4500
=001  015876777
=003  Uk
=005  20120104150625.0
=006  m\\\\\\\\m\|\\\\\\
=007  cr\|||||||||||
=008  110825c200u9999xxuuu\d\o\\\\\0\\\a2eng\\
=024  7\$astm20100310g$2local
=040  \\$aUk$beng$cUk
=042  \\$aukblsr
=082  04$a333.7923$223
=245  00$aCooperative Network for Renewable Resource Measurements solar energy resource data$h[electronic resource].
=246  3\$aCONFRRM solar energy resource data
=260  \\$a[Golden] :$bNational Renewable Energy Laboratory
=336  \\$atext$2rdacontent
=337  \\$acomputer$2rdamedia
=338  \\$aonline resource$2rdacarrier
=500  \\$aTitle from home page (viewed on Dec. 7, 2011).
=506  \\$aData are free to access.
=516  \\$atext/csv.
=520  \\$aProvides solar irradiance (global horizontal irradiance, direct normal irradiance and diffuse horizontal irradiance) data for 12 stations across the United states. Selected sites also log meteorological data (air temperature, relative humidity, pressure, wind speed, wind direction and peak wind speed). Some sites do not have data beyond 2002 and only Bluefield, West Virginia and Elizabeth City, North Carolina have data up to 2009.
=522  \\$aUnited States.
=538  \\$aMode of access: World Wide Web.
=540  \\$aNot stated.
=584  \\$aData are collected by sites within the CONFRRM network.
=584  \\$aAccepting data submissions: No.
=650  \0$aSolar radiation$vObservations$vDatabases.
=650  \0$aMeteorology$vObservations$vDatabases.
=653  2\$aLiving With Environmental Change
=655  \7$aDataset.$2local
=655  \7$aMonitoring data.$2local
=655  \7$aReference data.$2local
=690  7\$aResearch Datasets Collection$2blcoll
=710  2\$aCooperative Network for Renewable Resource Measurements.
=710  2\$aNational Renewable Energy Laboratory (U.S.)
=856  40$uhttp://rredc.nrel.gov/solar/new_data/confrrm/$yResearch Datasets Collection
=859  \\$aXLD$bdatasets
=CAT  \\$aRESDATASET$b00$c20110825$lBLL01$h1145
=CAT  \\$a7332$b40$c20111207$lBLL01$h1039
=CAT  \\$a7332$b40$c20120104$lBLL01$h1506
=CAT  \\$aBATCH-UPD$b40$c20120821$lBLL01$h1643
=CAT  \\$aBATCH-UPD$b40$c20121018$lBLL01$h1009
=CAT  \\$aWR13.117$c20130718$lBLL01$h1857
=CAT  \\$aW1606-1753$c20171028$lBLL01$h1342
=FIN  \\$aY$d20111207
=FMT  \\$a  SE
=LAS  \\$aW1606-1753$b00$c20171028$lBLL01$h1342
=SRC  \\$aBLDatasets$bstm_datasets_20110825_mrc.xml
=TCO  \\$aZZZ$c008

