=LDR  02697 ai a2200625 a 4500
=001  015876778
=003  Uk
=005  20120118111232.0
=006  m\\\\\\\\m\|\\\\\\
=007  cr\|||||||||||
=008  110825c200u9999xxuuu\d\o\\\\\0\\\a2eng\\
=024  7\$astm20100310p$2local
=040  \\$aUk$beng$cUk
=042  \\$aukblsr
=082  04$a581.722$223
=245  00$aChequamegon ecosystem-atmosphere study$h[electronic resource].
=246  3\$aChEAS
=260  \\$aUniversity Park :$bPennsylvania State University
=336  \\$atext$2rdacontent
=337  \\$acomputer$2rdamedia
=338  \\$aonline resource$2rdacarrier
=500  \\$aTitle from home page (viewed on Dec. 1, 2011).
=506  \\$aData are free to access.
=516  \\$atext/plain.
=520  \\$aProvides data from the ChEAS to study biosphere-atmosphere interactions, principally forest-atmosphere exchange of carbon dioxide (CO2) and response of this to climate change. Data are from sites in and around the Chequamegon-Nicolet National Forest. Files are available on FTP.
=538  \\$aMode of access: World Wide Web.
=540  \\$aAll content and data Copyright 2010 by Ken Davis and The Pennsylvania State University.
=584  \\$aData are collected by ChEAS.
=584  \\$aAccepting data submissions: No.
=650  \0$aClimatic changes$zWisconsin$zChequamegon-Nicolet National Forest$vDatabases.
=650  \0$aForest ecology$zWisconsin$zChequamegon-Nicolet National Forest$vDatabases.
=650  \0$aForests and forestry$zWisconsin$zChequamegon-Nicolet National Forest$vDatabases.
=650  \0$aVegetation and climate$zWisconsin$zChequamegon-Nicolet National Forest$vDatabases.
=653  2\$aLiving With Environmental Change
=655  \7$aDataset.$2local
=655  \7$aExperimental data.$2local
=655  \7$aMonitoring data.$2local
=655  \7$aReference data.$2local
=690  7\$aResearch Datasets Collection$2blcoll
=710  2\$aPennsylvania State University.$bDepartment of Meteorology.
=856  40$uhttp://cheas.psu.edu/data_access$yResearch Datasets Collection
=859  \\$aXLD$bdatasets
=985  \\$aRecord amended for WR# 13/070
=CAT  \\$aRESDATASET$b00$c20110825$lBLL01$h1145
=CAT  \\$a7332$b40$c20111201$lBLL01$h1534
=CAT  \\$a7332$b40$c20120118$lBLL01$h1112
=CAT  \\$aBATCH-UPD$b40$c20120821$lBLL01$h1643
=CAT  \\$aBATCH-UPD$b40$c20121018$lBLL01$h1010
=CAT  \\$aWR13_070$b00$c20130504$lBLL01$h0333
=CAT  \\$aWR13.117$c20130718$lBLL01$h1857
=CAT  \\$aW1606-1753$c20171028$lBLL01$h1342
=FMT  \\$a  SE
=LAS  \\$aW1606-1753$b00$c20171028$lBLL01$h1342
=SRC  \\$aBLDatasets$bstm_datasets_20110825_mrc.xml
=TCO  \\$aZZZ$c008

