=LDR  02404 ai a2200589 a 4500
=001  015876779
=003  Uk
=005  20120111113427.0
=006  m\\\\\\\\m\|\\\\\\
=007  cr\|||||||||||
=008  110825c200u9999xxuuu\d\o\\\\\0\\\a2eng\\
=024  7\$astm20100310o$2local
=040  \\$aUk$beng$cUk
=042  \\$aukblsr
=082  04$a363.738742$223
=245  00$a[Fossil fuel carbon dioxide emissions data and data plots from the Project Vulcan]$h[electronic resource].
=260  \\$bPurdue University, Department of Earth and Atmospheric Sciences
=336  \\$atext$2rdacontent
=337  \\$acomputer$2rdamedia
=338  \\$aonline resource$2rdacarrier
=500  \\$aTitle supplied by cataloguer (publisher's Web site, viewed Dec. 1, 2011).
=506  \\$aData are free to access.
=516  \\$abinary.
=520  \\$aMakes full Vulcan Project data on United States CO2 emissions available for download in FORTRAN binary files. The Vulcan project aims to quantify U.S. CO2 emissions from fossil fuels at a high spatial and temporal resolution for policy makers, demographers and the public.
=522  \\$aUnited States.
=538  \\$aMode of access: World Wide Web.
=540  \\$aNot stated.
=584  \\$aData is collected by Project Vulcan.
=584  \\$aAccepting data submissions: No.
=650  \0$aAtmospheric carbon dioxide$xEnvironmental aspects$vDatabases.
=650  \0$aFossil fuels$xCombustion$xEnvironmental aspects$vDatabases.
=653  2\$aLiving With Environmental Change
=655  \7$aDataset.$2local
=655  \7$aReference data.$2local
=655  \7$aMonitoring data.$2local
=690  7\$aResearch Datasets Collection$2blcoll
=710  2\$aProject Vulcan.
=856  40$uhttp://www.purdue.edu/eas/carbon/vulcan/research.php$yResearch Datasets Collection
=859  \\$aXLD$bdatasets
=CAT  \\$aRESDATASET$b00$c20110825$lBLL01$h1145
=CAT  \\$a7332$b40$c20111201$lBLL01$h1255
=CAT  \\$a7332$b40$c20111206$lBLL01$h0839
=CAT  \\$a7332$b40$c20120111$lBLL01$h1134
=CAT  \\$aBATCH-UPD$b40$c20120821$lBLL01$h1643
=CAT  \\$aBATCH-UPD$b40$c20121018$lBLL01$h1010
=CAT  \\$aWR13.117$c20130718$lBLL01$h1857
=CAT  \\$aW1606-1753$c20171028$lBLL01$h1342
=FIN  \\$aY$d20111201
=FMT  \\$a  SE
=LAS  \\$aW1606-1753$b00$c20171028$lBLL01$h1342
=SRC  \\$aBLDatasets$bstm_datasets_20110825_mrc.xml
=TCO  \\$aZZZ$c008

