=LDR  02599 ai a2200613 a 4500
=001  015876780
=003  Uk
=005  20131101072519.0
=006  m\\\\\\\\m\|\\\\\\
=007  cr\|||||||||||
=008  110825c200u9999xxuuu\d\o\\\\\0\\\a2eng\\
=024  7\$astm20100310m$2local
=040  \\$aUk$beng$cUk$dUk
=042  \\$aukblsr
=082  04$a634.9097443$223
=245  00$aHarvard Forest data archive$h[electronic resource].
=260  \\$a[Petersham :$bHarvard Forest]
=336  \\$atext$2rdacontent
=337  \\$acomputer$2rdamedia
=338  \\$aonline resource$2rdacarrier
=500  \\$aTitle from home page (viewed on Oct. 19, 2011).
=506  \\$aUsers must register to access data.
=516  \\$atext/csv.
=520  \\$aProvides datasets from projects using the Harvard Forest research facility. Data is derived from long-term ecological research on large experiments and regional and permanent plot studies. They cover topics such as biodiversity, conservation and management, ecological informatics and modelling, forest-atmosphere exchange, invasive plants, pests and pathogens, physiological ecology, population dynamics and species interactions, soil carbon and nitrogen dynamics and watershed ecology.
=522  \\$aHarvard Forest.
=538  \\$aMode of access: World Wide Web.
=540  \\$aNot stated.
=584  \\$a158 datasets.
=584  \\$aAccepting data submissions: No.
=650  \0$aForests and forestry$zMassachusetts$zPetersham$vDatabases.
=650  \0$aForest surveys$zMassachusetts$zPetersham$vDatabases.
=653  2\$aLiving With Environmental Change
=655  \7$aDataset.$2local
=655  \7$aExperimental data.$2local
=655  \7$aObservational data.$2local
=655  \7$aReference data.$2local
=690  7\$aResearch Datasets Collection$2blcoll
=710  2\$aHarvard Forest (Research facility)
=856  40$uhttp://harvardforest.fas.harvard.edu/data-archive$yResearch Datasets Collection
=859  \\$aXLD$bdatasets
=CAT  \\$aRESDATASET$b00$c20110825$lBLL01$h1145
=CAT  \\$a7332$b40$c20111019$lBLL01$h1147
=CAT  \\$aBATCH-UPD$b40$c20120821$lBLL01$h1643
=CAT  \\$a7332$b40$c20121009$lBLL01$h1324
=CAT  \\$a7332$b40$c20121009$lBLL01$h1327
=CAT  \\$aBATCH-UPD$b40$c20121018$lBLL01$h1010
=CAT  \\$aWR13.117$c20130718$lBLL01$h1857
=CAT  \\$a7332$b40$c20131101$lBLL01$h0725
=CAT  \\$aW1606-1753$c20171028$lBLL01$h1342
=FIN  \\$aY$d20111019
=FMT  \\$a  SE
=LAS  \\$aW1606-1753$b00$c20171028$lBLL01$h1342
=SRC  \\$aBLDatasets$bstm_datasets_20110825_mrc.xml
=TCO  \\$aZZZ$c008

