=LDR  02654 ai a2200601 a 4500
=001  015876781
=003  Uk
=005  20120111113802.0
=006  m\\\\\\\\m\|\\\\\\
=007  cr\|||||||||||
=008  110825c200u9999xxuuu\d\o\\\\\0\\\a2eng\\
=024  7\$astm20100310h$2local
=040  \\$aUk$beng$cUk
=042  \\$aukblsr
=082  04$a551.5113$223
=245  00$a[Aerosol characterization experiment data from the Asian Pacific Regional Aerosol Characterization Project]$h[electronic resource].
=246  3\$aACE-Asia
=260  \\$aBoulder :$bUniversity Corperation for Atmospheric Research
=336  \\$atext$2rdacontent
=337  \\$acomputer$2rdamedia
=338  \\$aonline resource$2rdacarrier
=500  \\$aTitle supplied by cataloguer (publisher's Web site, viewed Dec. 1, 2011).
=506  \\$aData are free to access.
=516  \\$atext/plain; image/gif.
=520  \\$aACE-Asia is examining how aerosol characteristics affect climate. This site provides aerosol data collected from various missions including satellite, ship-borne and air-borne measurements of parameters including particle size distributions, radiation downwelling, upwelling solar irradiance spectra, aerosol mass, aerosol mass spectrometry, aerosol chemistry, lightscatter and backscatter, aerosol optical depth and satellite imagery.
=538  \\$aMode of access: World Wide Web.
=540  \\$aNot stated.
=584  \\$aData is collected by ACE-Asia.
=584  \\$aAccepting data submissions: No.
=650  \0$aAtmospheric aerosols$vDatabases.
=650  \0$aAtmospheric physics$vDatabases.
=653  2\$aLiving With Environmental Change
=655  \7$aDataset.$2local
=655  \7$aMonitoring data.$2local
=655  \7$aReference data.$2local
=690  7\$aResearch Datasets Collection$2blcoll
=710  2\$aUniversity Corporation for Atmospheric Research.
=710  2\$aNational Center for Atmospheric Research (U.S.).$bEarth Observing Laboratory.
=856  40$uhttp://data.eol.ucar.edu/codiac/ds_proj?ACE-ASIA$yResearch Datasets Collection
=859  \\$aXLD$bdatasets
=CAT  \\$aRESDATASET$b00$c20110825$lBLL01$h1145
=CAT  \\$a7332$b40$c20111201$lBLL01$h1348
=CAT  \\$a7332$b40$c20111201$lBLL01$h1351
=CAT  \\$a7332$b40$c20120111$lBLL01$h1138
=CAT  \\$aBATCH-UPD$b40$c20120821$lBLL01$h1643
=CAT  \\$aBATCH-UPD$b40$c20121018$lBLL01$h1010
=CAT  \\$aWR13.117$c20130718$lBLL01$h1857
=CAT  \\$aW1606-1753$c20171028$lBLL01$h1342
=FIN  \\$aY$d20111201
=FMT  \\$a  SE
=LAS  \\$aW1606-1753$b00$c20171028$lBLL01$h1342
=SRC  \\$aBLDatasets$bstm_datasets_20110825_mrc.xml
=TCO  \\$aZZZ$c008

