=LDR  02405 ai a2200565 a 4500
=001  015876782
=003  Uk
=005  20111202073955.0
=006  m\\\\\\\\m\|\\\\\\
=007  cr\|||||||||||
=008  110825c200u9999ie\uu\d\o\\\\\0\\\a2eng\\
=024  7\$astm20100701a$2local
=040  \\$aUk$beng$cUk
=042  \\$aukblsr
=082  04$a333.9509415$223
=245  00$aBiodiversity maps$h[electronic resource].
=260  \\$aWaterford :$bNational Biodiversity Data Centre
=336  \\$atext$2rdacontent
=337  \\$acomputer$2rdamedia
=338  \\$aonline resource$2rdacarrier
=500  \\$aTitle from Web page (viewed on Dec. 1, 2011).
=506  \\$aData are free to access.
=516  \\$atext/html.
=520  \\$aBiodiversity Maps allows users to visualise observations of 37 species datasets held by the National Biodiversity Data Centre. These can be searched or browsed by species or dataset, or by 'species designation' that is, species that are invasive, threatened or endangered. When viewed on a map, observations can be viewed at various resolutions, depending on the sensitivity of the data. Information on each observation is given, but full datasets cannot be downloaded.
=538  \\$aMode of access: World Wide Web.
=540  \\$aNot stated.
=584  \\$aData are submitted by species recording schemes.
=584  \\$aAccepting data submissions: Yes.
=650  \0$aBiodiversity$zIreland$vMaps$vDatabases.
=653  2\$aLiving With Environmental Change
=655  \7$aDataset.$2local
=655  \7$aObservational data.$2local
=655  \7$aMonitoring data.$2local
=655  \7$aReference data.$2local
=690  7\$aResearch Datasets Collection$2blcoll
=710  2\$aNational Biodiversity Data Centre (Ireland)
=856  40$uhttp://maps.biodiversityireland.ie/$yResearch Datasets Collection
=859  \\$aXLD$bdatasets
=CAT  \\$aRESDATASET$b00$c20110825$lBLL01$h1145
=CAT  \\$a7332$b40$c20111201$lBLL01$h1318
=CAT  \\$a7332$b40$c20111201$lBLL01$h1644
=CAT  \\$a7332$b40$c20111202$lBLL01$h0739
=CAT  \\$aBATCH-UPD$b40$c20120821$lBLL01$h1643
=CAT  \\$aBATCH-UPD$b40$c20121018$lBLL01$h1010
=CAT  \\$aWR13.117$c20130718$lBLL01$h1857
=CAT  \\$aW1606-1753$c20171028$lBLL01$h1342
=FMT  \\$a  SE
=LAS  \\$aW1606-1753$b00$c20171028$lBLL01$h1342
=SRC  \\$aBLDatasets$bstm_datasets_20110825_mrc.xml
=TCO  \\$aZZZ$c008

