=LDR  02225 ai a2200589 a 4500
=001  015876783
=003  Uk
=005  20111019091350.0
=006  m\\\\\\\\m\|\\\\\\
=007  cr\|||||||||||
=008  110825c200u9999nz\uu\d\o\\\\\0\\\a2eng\\
=024  7\$astm20100310c$2local
=040  \\$aUk$beng$cUk
=042  \\$aukblsr
=082  04$a333.790993$223
=245  00$aNew Zealand energy asset database$h[electronic resource].
=246  3\$aNZEAD
=260  \\$aWellington :$bNIWA
=336  \\$atext$2rdacontent
=337  \\$acomputer$2rdamedia
=338  \\$aonline resource$2rdacarrier
=500  \\$aTitle from home page (viewed on Oct. 19, 2011).
=506  \\$aData are free to access.
=516  \\$atext/html.
=520  \\$aProvides information on New Zealand's energy infrastructure, primarily energy and fuel generation, storage and supply infrastructures. After searching for assets of interest, data is available on its location, operational and design capacity and risks.
=522  \\$aNew Zealand.
=538  \\$aMode of access: World Wide Web.
=540  \\$aNot stated.
=584  \\$aData is provided by asset owners.
=584  \\$aAccepting data submissions: No.
=650  \0$aEnergy facilities$zNew Zealand$vDatabases.
=650  \0$aPower resources$zNew Zealand$vDatabases.
=653  2\$aLiving With Environmental Change
=655  \7$aDataset.$2local
=655  \7$aReference data.$2local
=655  \7$aMonitoring data.$2local
=690  7\$aResearch Datasets Collection$2blcoll
=710  2\$aNational Institute of Water and Atmospheric Research (N.Z.)
=856  40$uhttp://nzead.niwa.co.nz/eadb/search$yResearch Datasets Collection
=859  \\$aXLD$bdatasets
=CAT  \\$aRESDATASET$b00$c20110825$lBLL01$h1145
=CAT  \\$a7332$b40$c20111019$lBLL01$h0911
=CAT  \\$a7332$b40$c20111019$lBLL01$h0913
=CAT  \\$aBATCH-UPD$b40$c20120821$lBLL01$h1643
=CAT  \\$aBATCH-UPD$b40$c20121018$lBLL01$h1010
=CAT  \\$aWR13.117$c20130718$lBLL01$h1857
=CAT  \\$aW1606-1753$c20171028$lBLL01$h1342
=FIN  \\$aY$d20111019
=FMT  \\$a  SE
=LAS  \\$aW1606-1753$b00$c20171028$lBLL01$h1342
=SRC  \\$aBLDatasets$bstm_datasets_20110825_mrc.xml
=TCO  \\$aZZZ$c008

