=LDR  02599 ai a2200565 a 4500
=001  015876784
=003  Uk
=005  20111130081725.0
=006  m\\\\\\\\m\|\\\\\\
=007  cr\|||||||||||
=008  110825c200u9999nz\uu\d\o\\\\\0\\\a2eng\\
=024  7\$astm20100310b$2local
=040  \\$aUk$beng$cUk
=042  \\$aukblsr
=082  04$a551.6072$223
=245  04$aThe national climate database$h[electronic resource].
=260  \\$a[Wellington, N.Z.] :$bNational Institute of Water & Atmospheric Research
=336  \\$atext$2rdacontent
=337  \\$acomputer$2rdamedia
=338  \\$aonline resource$2rdacarrier
=500  \\$aTitle from home page (viewed on Nov. 30, 2011).
=506  \\$aUsers must register to access data.
=516  \\$atext/html; application/msword; text/csv; text/plain.
=520  \\$aProvides climate data from 6500 stations around New Zealand operating at various times from 1850, including 600 currently active stations. Available parameters include wind, precipitation, temperature, humidity, solar radiation, weather, pressure, clouds and soil moisture. Data of interest can be identified by parameter, station and date range of interest, and downloaded in a variety of text formats.
=522  \\$aNew Zealand.
=538  \\$aMode of access: World Wide Web.
=540  \\$aAll proprietary rights (including all intellectual property rights) in, or associated with the Data are, and shall remain, vested solely in NIWA (or any other relevant third party who has contributed data for which NIWA acts as custodian).
=584  \\$aData are collected by NIWA.
=584  \\$aAccepting data submissions: No.
=650  \0$aClimatology$zNew Zealand$vDatabases.
=653  2\$aLiving With Environmental Change
=655  \7$aDataset.$2local
=655  \7$aMonitoring data.$2local
=655  \7$aObservational data.$2local
=655  \7$aReference data.$2local
=690  7\$aResearch Datasets Collection$2blcoll
=710  2\$aNational Institute of Water and Atmospheric Research (N.Z.)
=856  40$uhttp://cliflo.niwa.co.nz/$yResearch Datasets Collection
=859  \\$aXLD$bdatasets
=CAT  \\$aRESDATASET$b00$c20110825$lBLL01$h1145
=CAT  \\$a7332$b40$c20111130$lBLL01$h0817
=CAT  \\$aBATCH-UPD$b40$c20120821$lBLL01$h1643
=CAT  \\$aBATCH-UPD$b40$c20121018$lBLL01$h1010
=CAT  \\$aWR13.117$c20130718$lBLL01$h1857
=CAT  \\$aW1606-1753$c20171028$lBLL01$h1342
=FIN  \\$aY$d20111130
=FMT  \\$a  SE
=LAS  \\$aW1606-1753$b00$c20171028$lBLL01$h1342
=SRC  \\$aBLDatasets$bstm_datasets_20110825_mrc.xml
=TCO  \\$aZZZ$c008

