=LDR  02475 ai a2200589 a 4500
=001  015876785
=003  Uk
=005  20110913072443.0
=006  m\\\\\\\\m\|\\\\\\
=007  cr\|||||||||||
=008  110825c200u9999nz\uu\d\o\\\\\0\\\a2eng\\
=024  7\$astm20100310q$2local
=040  \\$aUk$beng$cUk
=042  \\$aukblsr
=082  04$a551.5271$223
=245  00$aUV Atlas$h[electronic resource].
=260  \\$bNational Institute of Water and Atmospheric Research (NIWA)
=336  \\$atext$2rdacontent
=337  \\$acomputer$2rdamedia
=338  \\$aonline resource$2rdacarrier
=500  \\$aTitle from Web page (viewed on Sept. 13, 2011).
=506  \\$aUsers must register to access data.
=516  \\$aBespoke software.
=520  \\$aMaps and time series of parameters describing the ultra-violet (UV) radiation environment over New Zealand since 1960. Maps are produced for the area of New Zealand, while time series are produced for individual sites where broadband radiation measurements are available. After registration, data is available through a small programme that can be downloaded from the site (and will only run in Windows).
=522  \\$aNew Zealand.
=538  \\$aMode of access: World Wide Web.
=540  \\$aNot stated.
=584  \\$aData are collected by NIWA.
=584  \\$aAccepting data submissions: No.
=650  \0$aUltraviolet radiation$zNew Zealand$vDatabases.
=650  \0$aUltraviolet radiation$xMeasurement$vDatabases.
=650  \0$aClimatology$zNew Zealand$vDatabases.
=653  2\$aLiving With Environmental Change
=655  \7$aDataset.$2local
=655  \7$aLongitudinal data.$2local
=655  \7$aMonitoring data.$2local
=655  \7$aReference data.$2local
=690  7\$aResearch Datasets Collection$2blcoll
=710  2\$aNational Institute of Water and Atmospheric Research (N.Z.)
=856  40$uhttp://www.niwa.co.nz/our-services/online-services/uv-and-ozone/uv-atlas$yResearch Datasets Collection
=859  \\$aXLD$bdatasets
=CAT  \\$aRESDATASET$b00$c20110825$lBLL01$h1145
=CAT  \\$a7332$b40$c20110913$lBLL01$h0724
=CAT  \\$aBATCH-UPD$b40$c20120821$lBLL01$h1643
=CAT  \\$aBATCH-UPD$b40$c20121018$lBLL01$h1010
=CAT  \\$aWR13.117$c20130718$lBLL01$h1857
=CAT  \\$aW1606-1753$c20171028$lBLL01$h1342
=FIN  \\$aY$d20110913
=FMT  \\$a  SE
=LAS  \\$aW1606-1753$b00$c20171028$lBLL01$h1342
=SRC  \\$aBLDatasets$bstm_datasets_20110825_mrc.xml
=TCO  \\$aZZZ$c008

