=LDR  02425 ai a2200589 a 4500
=001  015876787
=003  Uk
=005  20120202133411.0
=006  m\\\\\\\\m\|\\\\\\
=007  cr\|||||||||||
=008  110825c200u9999nz\uu\d\o\\\\\0\\\a2eng\\
=024  7\$astm20100128c$2local
=040  \\$aUk$beng$cUk
=042  \\$aukblsr
=082  04$a623.89490993$223
=245  00$aTide forecaster$h[electronic resource].
=260  \\$aWellington :$bNational Institute of Water & Atmospheric Research
=336  \\$atext$2rdacontent
=337  \\$acomputer$2rdamedia
=338  \\$aonline resource$2rdacarrier
=500  \\$aTitle from home page (viewed on home page Feb. 2, 2012).
=506  \\$aData are free to access.
=516  \\$atext/html.
=520  \\$aThis resource predicts tides in New Zealand waters into the future but also gives retrospective tide predictions back until 1830. 1-28 days worth of tide predictions can be viewed at any one time, viewed graphically or in a table for any one station. Simply select a station, date and period to display. A specific location can also be selected using [User Defined Location] and clicking to a point of interest on the map.
=522  \\$aNew Zealand.
=538  \\$aMode of access: World Wide Web.
=540  \\$aNot stated.
=584  \\$aData are modelled by NIWA.
=584  \\$aAccepting data submissions: No.
=650  \0$aTides$zNew Zealand$vDatabases.
=653  2\$aFlooding
=655  \7$aDataset.$2local
=655  \7$aModelled data.$2local
=655  \7$aMonitoring data.$2local
=655  \7$aReference data.$2local
=690  7\$aResearch Datasets Collection$2blcoll
=710  2\$aNational Institute of Water and Atmospheric Research (N.Z.)
=856  40$uhttp://www.niwa.co.nz/services/online-services/tide-forecaster$yResearch Datasets Collection
=859  \\$aXLD$bdatasets
=CAT  \\$aRESDATASET$b00$c20110825$lBLL01$h1145
=CAT  \\$a7332$b40$c20120202$lBLL01$h1329
=CAT  \\$a7332$b40$c20120202$lBLL01$h1330
=CAT  \\$a7332$b40$c20120202$lBLL01$h1334
=CAT  \\$aBATCH-UPD$b40$c20120821$lBLL01$h1643
=CAT  \\$aBATCH-UPD$b40$c20121018$lBLL01$h1010
=CAT  \\$aWR13.117$c20130718$lBLL01$h1857
=CAT  \\$aW1606-1753$c20171028$lBLL01$h1342
=FIN  \\$aY$d20120202
=FMT  \\$a  SE
=LAS  \\$aW1606-1753$b00$c20171028$lBLL01$h1342
=SRC  \\$aBLDatasets$bstm_datasets_20110825_mrc.xml
=TCO  \\$aZZZ$c008

