=LDR  02366 ai a2200565 a 4500
=001  015876788
=003  Uk
=005  20111126064401.0
=006  m\\\\\\\\m\|\\\\\\
=007  cr\|||||||||||
=008  110825c200u9999nz\uu\d\o\\\\\0\\\a2eng\\
=024  7\$astm20100310n$2local
=040  \\$aUk$beng$cUk
=042  \\$aukblsr
=082  04$a551.6072093$223
=245  00$aClimate explorer$h[electronic resource].
=260  \\$a[Wellington, N.Z.] :$bNational Institute of Water & Atmospheric Research
=336  \\$atext$2rdacontent
=337  \\$acomputer$2rdamedia
=338  \\$aonline resource$2rdacarrier
=500  \\$aTitle from home page (viewed on Nov. 26, 2011).
=506  \\$aMostly free to access, some data incur handling fees.
=516  \\$aimage/png.
=520  \\$aProvides climate data for stations across New Zealand. Data products can be found using map or key term searches. National scale spatially mapped data is free. Regional scale and climate station data have a cost associated, but previews and explanations of the product are available prior to selecting.
=522  \\$aNew Zealand.
=538  \\$aMode of access: World Wide Web.
=540  \\$aThe copyright and all other intellectual property rights in the products remain vested solely in NIWA.
=584  \\$aData is collected by NIWA.
=584  \\$aAccepting data submissions: No.
=650  \0$aClimatology$xResearch$zNew Zealand$vDatabases.
=653  2\$aLiving With Environmental Change
=655  \7$aDataset.$2local
=655  \7$aMonitoring data.$2local
=655  \7$aReference data.$2local
=690  7\$aResearch Datasets Collection$2blcoll
=710  2\$aNational Institute of Water and Atmospheric Research (N.Z.)
=856  40$uhttps://secure.niwa.co.nz/climate-explorer/home.do$yResearch Datasets Collection
=859  \\$aXLD$bdatasets
=CAT  \\$aRESDATASET$b00$c20110825$lBLL01$h1145
=CAT  \\$a7332$b40$c20111126$lBLL01$h0637
=CAT  \\$a7332$b40$c20111126$lBLL01$h0644
=CAT  \\$aBATCH-UPD$b40$c20120821$lBLL01$h1643
=CAT  \\$aBATCH-UPD$b40$c20121018$lBLL01$h1010
=CAT  \\$aWR13.117$c20130718$lBLL01$h1857
=CAT  \\$aW1606-1753$c20171028$lBLL01$h1342
=FIN  \\$aY$d20111126
=FMT  \\$a  SE
=LAS  \\$aW1606-1753$b00$c20171028$lBLL01$h1342
=SRC  \\$aBLDatasets$bstm_datasets_20110825_mrc.xml
=TCO  \\$aZZZ$c008

