=LDR  02993 mi a2200661 i 4500
=001  015876790
=003  Uk
=005  20160510105604.0
=006  m\\\\\\\\m\|\\\\\\
=007  cr\|||||||||||
=008  110825c200u9999nz\\\\\\o\\i\\\\\\\\eng\\
=024  7\$astm20100706d$2local
=040  \\$aUk$beng$cUk$erda
=042  \\$aukblsr
=082  04$a597.1760993$223
=245  00$aNew Zealand freshwater fish database.
=246  3\$aNZFFD
=246  3\$aFreshwater fish database
=264  \1$a[Wellington] :$bNational Institute of Water & Atmospheric Research
=300  \\$a1 online resource
=336  \\$acomputer dataset$2rdacontent
=336  \\$atext$2rdacontent
=337  \\$acomputer$2rdamedia
=338  \\$aonline resource$2rdacarrier
=500  \\$aTitle from home page (viewed on Nov. 26, 2011).
=506  \\$aUsers must register to access data.
=516  \\$atext/plain.
=520  3\$aNZFFD provides observational data of freshwater fish in New Zealand and it's major off-shore islands. Parameters include site location, and description (such as habitat type, vegetation, water depth and quality), sighted species and their abundance and size and the fishing method used. NIWA also provides NZFFD Assistant software, which allows users to overlay downloaded data on a map of New Zealand and submit their own data direct to the system. Data can be downloaded as a data table or as individual site records (cards).
=522  \\$aNew Zealand.
=538  \\$aMode of access: World Wide Web.
=540  \\$aNot stated.
=584  \\$aData are contributed by NIWA, fish and game councils, the Department of Conservation, regional councils, environment consultants, universities, and individuals.
=584  \\$aAccepting data submissions: Yes.
=588  \\$aDescription based on: ; title from (viewed on ).
=650  \0$aFreshwater fishes$zNew Zealand$vDatabases.
=650  \0$aFreshwater ecology$zNew Zealand$vDatabases.
=653  2\$aLiving With Environmental Change
=655  \7$aDataset.$2local
=655  \7$aObservational data.$2local
=655  \7$aMonitoring data.$2local
=655  \7$aReference data.$2local
=690  7\$aResearch Datasets Collection$2blcoll
=710  2\$aNational Institute of Water and Atmospheric Research (N.Z.)
=856  40$uhttp://www.niwa.co.nz/our-services/online-services/freshwater-fish-database$yResearch Datasets Collection
=859  \\$aXLD$bdatasets
=CAT  \\$aRESDATASET$b00$c20110825$lBLL01$h1145
=CAT  \\$a7332$b40$c20111126$lBLL01$h0708
=CAT  \\$aBATCH-UPD$b40$c20120821$lBLL01$h1643
=CAT  \\$aBATCH-UPD$b40$c20121018$lBLL01$h1010
=CAT  \\$aWR13.117$c20130718$lBLL01$h1857
=CAT  \\$a7332$b40$c20160510$lBLL01$h1005
=CAT  \\$a7332$b40$c20160510$lBLL01$h1056
=CAT  \\$aW1606-1753$c20171028$lBLL01$h1342
=FIN  \\$aY$d20111126
=FMT  \\$a  CF
=LAS  \\$aW1606-1753$b00$c20171028$lBLL01$h1342
=SRC  \\$aBLDatasets$bstm_datasets_20110825_mrc.xml
=TCO  \\$aZZZ$c008

