=LDR  02470 ai a2200589 a 4500
=001  015876791
=003  Uk
=005  20111126080553.0
=006  m\\\\\\\\m\|\\\\\\
=007  cr\|||||||||||
=008  110825c200u9999nz\uu\d\o\\\\\0\\\a2eng\\
=024  7\$astm20100706f$2local
=040  \\$aUk$beng$cUk
=042  \\$aukblsr
=082  04$a333.95509$223
=245  00$aNIWA invertebrate collection$h[electronic resource].
=246  3\$aNational Institute of Water and Atmospheric Research invertebrate collection
=260  \\$a[Wellington, N.Z.] :$bNational Institute of Water & Atmospheric Research
=336  \\$atext$2rdacontent
=337  \\$acomputer$2rdamedia
=338  \\$aonline resource$2rdacarrier
=500  \\$aTitle from home page (viewed on Nov. 26, 2011).
=506  \\$aData are free to access.
=516  \\$atext/html.
=520  \\$aThis dataset details the specimens that make up the invertebrate collection of NIWA. Other than the species in question, data include the location and date of collection and whether the specimen is a holo- or paratype. Data is searched by taxa, author or year and displayed on an online table.
=538  \\$aMode of access: World Wide Web.
=540  \\$aNot stated.
=584  \\$aData is collated by NIWA.
=584  \\$aAccepting data submissions: No.
=650  \0$aMarine invertebrates$zNew Zealand$vDatabases.
=650  \0$aMarine invertebrates$zNew Zealand$vClassification$vDatabases.
=650  \0$aMarine invertebrates$zNew Zealand$xGeographical distribution$vDatabases.
=653  2\$aLiving With Environmental Change
=655  \7$aDataset.$2local
=655  \7$aPhysical data.$2local
=655  \7$aMonitoring data.$2local
=655  \7$aReference data.$2local
=690  7\$aResearch Datasets Collection$2blcoll
=710  2\$aNational Institute of Water and Atmospheric Research (N.Z.)
=856  40$uhttp://www.niwa.co.nz/our-services/online-services/nic$yResearch Datasets Collection
=859  \\$aXLD$bdatasets
=CAT  \\$aRESDATASET$b00$c20110825$lBLL01$h1145
=CAT  \\$a7332$b40$c20111126$lBLL01$h0805
=CAT  \\$aBATCH-UPD$b40$c20120821$lBLL01$h1643
=CAT  \\$aBATCH-UPD$b40$c20121018$lBLL01$h1010
=CAT  \\$aWR13.117$c20130718$lBLL01$h1857
=CAT  \\$aW1606-1753$c20171028$lBLL01$h1342
=FIN  \\$aY$d20111126
=FMT  \\$a  SE
=LAS  \\$aW1606-1753$b00$c20171028$lBLL01$h1342
=SRC  \\$aBLDatasets$bstm_datasets_20110825_mrc.xml
=TCO  \\$aZZZ$c008

