=LDR  02671 ai a2200601 a 4500
=001  015876793
=003  Uk
=005  20111206135805.0
=006  m\\\\\\\\m\|\\\\\\
=007  cr\|||||||||||
=008  110825c200u9999enkuu\d\o\\\\\0\\\a2eng\\
=024  7\$astm20100720b$2local
=040  \\$aUk$beng$cUk
=042  \\$aukblsr
=082  04$a354.57$223
=245  00$aHMAP data store$h[electronic resource].
=246  3\$aHistory of Marine Animal Populations data store
=260  \\$aHull :$bMaritime Historical Studies Centre
=336  \\$atext$2rdacontent
=337  \\$acomputer$2rdamedia
=338  \\$aonline resource$2rdacarrier
=500  \\$aTitle from home page (viewed on Nov 26, 2011).
=506  \\$aData are free to access.
=516  \\$atext/csv; text/plain; application/msexcel; application/msaccess; text/html.
=520  \\$aHMAP data aims to represent the changes in marine animal populations due to human activities at sea through history. Data available includes catch, fishery, whaling and catch effort data for various species and from various ocean areas including: Grand Banks; Gulf of Thailand; Limfjord; Caribbean Sea; Galapagos Marine Reserve; South-East Pacific; Catalonian, Estonian, Danish, South-East Australian and Scottish coasts. Historical catch data produced by researchers outside of HMAP can be submitted to the site.
=538  \\$aMode of access: World Wide Web.
=540  \\$aNot stated.
=584  \\$aData were generated by the HMAP project and submitted by researchers.
=584  \\$aAccepting data submissions: Yes.
=610  20$aHistory of Marine Animal Populations (Project)
=650  \0$aMarine animals$vDatabases.
=650  \0$aFishery management$vDatabases.
=653  2\$aLiving With Environmental Change
=655  \7$aDataset.$2local
=655  \7$aLongitudinal data.$2local
=655  \7$aObservational data.$2local
=655  \7$aReference data.$2local
=690  7\$aResearch Datasets Collection$2blcoll
=710  2\$aMaritime Historical Studies Centre.
=856  40$uhttp://www.hull.ac.uk/hmap/Library/Library.htm$yResearch Datasets Collection
=859  \\$aXLD$bdatasets
=CAT  \\$aRESDATASET$b00$c20110825$lBLL01$h1145
=CAT  \\$a7332$b40$c20111126$lBLL01$h0941
=CAT  \\$a7332$b40$c20111206$lBLL01$h1358
=CAT  \\$aBATCH-UPD$b40$c20120821$lBLL01$h1643
=CAT  \\$aBATCH-UPD$b40$c20121018$lBLL01$h1010
=CAT  \\$aWR13.117$c20130718$lBLL01$h1857
=CAT  \\$aW1606-1753$c20171028$lBLL01$h1342
=FIN  \\$aY$d20111126
=FMT  \\$a  SE
=LAS  \\$aW1606-1753$b00$c20171028$lBLL01$h1342
=SRC  \\$aBLDatasets$bstm_datasets_20110825_mrc.xml
=TCO  \\$aZZZ$c008

