=LDR  02895 ai a2200601 a 4500
=001  015876794
=003  Uk
=005  20120131113127.0
=006  m\\\\\\\\m\|\\\\\\
=007  cr\|||||||||||
=008  110825c200u9999xxcuu\d\o\\\\\0\\\a2eng\\
=024  7\$astm20100831g$2local
=040  \\$aUk$beng$cUk
=042  \\$aukblsr
=082  04$a577.7$223
=245  00$aSea Around Us Project$h[electronic resource] :$bfisheries, ecosystems & biodiversity.
=260  \\$aVancouver :$bFisheries Centre
=336  \\$atext$2rdacontent
=337  \\$acomputer$2rdamedia
=338  \\$aonline resource$2rdacarrier
=500  \\$aTitle from home page (viewed on Jan. 31, 2012).
=506  \\$aData are free to access.
=510  3\$uhttp://dx.doi.org/10.1579/0044-7447(2007)36[290:TSAUPD]2.0.CO;2
=516  \\$atext/html; image/png.
=520  \\$aProvides data on commercial fisheries based on Exclusive Economic Zones (EEZ) and Large Marine Ecosystems (LME), and impacts of these fisheries on marine biodiversity. On picking a marine area, data is selected and visualised graphically by year. Tabular data is available for each plot. Data available includes: catch volume and value of catch by species, commercial group, functional group, fishing country and gear; ecosystem data of primary production required for catch in that area, marine tropic index and primary production measured; biodiversity data is available and is provided by FishBase (for fish information) or SeaLifeBase (for non-fish species information). Governance information is available on fishing access, subsidies, treaties, conventions and protected areas.
=538  \\$aMode of access: World Wide Web.
=540  \\$aNot stated.
=584  \\$aData are aggregated from various published government and international sources.
=584  \\$aAccepting data submissions: No.
=650  \0$aFisheries$vDatabases.
=650  \0$aMarine ecology$vDatabases.
=653  2\$aLiving With Environmental Change
=655  \7$aDataset.$2local
=655  \7$aMonitoring data.$2local
=655  \7$aStatistics.$2local
=655  \7$aReference data.$2local
=690  7\$aResearch Datasets Collection$2blcoll
=710  2\$aSea Around Us Project.
=710  2\$aUniversity of British Columbia.$bFisheries Centre.
=710  2\$aPew Charitable Trusts.
=856  40$uhttp://www.seaaroundus.org/data/$yResearch Datasets Collection
=859  \\$aXLD$bdatasets
=CAT  \\$aRESDATASET$b00$c20110825$lBLL01$h1145
=CAT  \\$a7332$b40$c20120131$lBLL01$h1131
=CAT  \\$aBATCH-UPD$b40$c20120821$lBLL01$h1643
=CAT  \\$aBATCH-UPD$b40$c20121018$lBLL01$h1010
=CAT  \\$aWR13.117$c20130718$lBLL01$h1857
=CAT  \\$aW1606-1753$c20171028$lBLL01$h1342
=FIN  \\$aY$d20120131
=FMT  \\$a  SE
=LAS  \\$aW1606-1753$b00$c20171028$lBLL01$h1342
=SRC  \\$aBLDatasets$bstm_datasets_20110825_mrc.xml
=TCO  \\$aZZZ$c008

