=LDR  02467 ai a2200589 a 4500
=001  015876801
=003  Uk
=005  20120724132845.0
=006  m\\\\\\\\m\|\\\\\\
=007  cr\|||||||||||
=008  110825c200u9999xxuuu\d\o\\\\\0\\\a2eng\\
=024  7\$astm20100312c$2local
=040  \\$aUk$beng$cUk
=042  \\$aukblsr
=082  04$a333.7932$223
=245  00$aSolar and wind energy resource assessment$h[electronic resource].
=246  3\$aSWERA
=260  \\$a[United States] :$bOpen Energy Info
=336  \\$atext$2rdacontent
=337  \\$acomputer$2rdamedia
=338  \\$aonline resource$2rdacarrier
=500  \\$aTitle from home page (viewed on Sept. 21, 2011).
=506  \\$aData are free to access.
=516  \\$atext/csv; Shapefile
=520  \\$aProvides a visualisation of available SWERA data on wind and solar energy resource (for infrastructure planning) and local meteorological conditions. All GIS data layers used to produce the resource can be downloaded individually from the 'Data sets' menu option. Selecting a country allows for higher resolution visualisation via the NREL website, where energy resources can be graphed by site.
=538  \\$aMode of access: World Wide Web.
=540  \\$aNot stated.
=584  \\$aAccepting data submissions: No.
=650  \0$aWind power$xEvaluation$vDatabases.
=650  \0$aSolar energy$xEvaluation$vDatabases.
=653  2\$aLiving With Environmental Change
=655  \7$aDataset.$2local
=655  \7$aReference data.$2local
=655  \7$aMonitoring data.$2local
=690  7\$aResearch Datasets Collection$2blcoll
=710  2\$aGlobal Resource Information Database.$bUNEP/GRID Sioux Falls.
=710  2\$aUnited Nations Environment Programme.$bSolar and Wind Energy Resource Assessment Project.
=856  40$uhttp://en.openei.org/wiki/SWERA/Data$yResearch Datasets Collection
=859  \\$aXLD$bdatasets
=CAT  \\$aRESDATASET$b00$c20110825$lBLL01$h1145
=CAT  \\$a7332$b40$c20110921$lBLL01$h0749
=CAT  \\$a7332$b40$c20110921$lBLL01$h0805
=CAT  \\$a7332$b40$c20120724$lBLL01$h1328
=CAT  \\$aBATCH-UPD$b40$c20120821$lBLL01$h1643
=CAT  \\$aBATCH-UPD$b40$c20121018$lBLL01$h1009
=CAT  \\$aWR13.117$c20130718$lBLL01$h1857
=CAT  \\$aW1606-1753$c20171028$lBLL01$h1342
=FIN  \\$aY$d20110921
=FMT  \\$a  SE
=LAS  \\$aW1606-1753$b00$c20171028$lBLL01$h1342
=SRC  \\$aBLDatasets$bstm_datasets_20110825_mrc.xml
=TCO  \\$aZZZ$c008

