=LDR  02370 ai a2200565 a 4500
=001  015876802
=003  Uk
=005  20110916091626.0
=006  m\\\\\\\\m\|\\\\\\
=007  cr\|||||||||||
=008  110825c200u9999sw\uu\d\o\\\\\0\\\a2eng\\
=024  7\$astm20100317a$2local
=040  \\$aUk$beng$cUk
=041  0\$aeng$aswe
=042  \\$aukblsr
=082  04$a363.7309485$223
=245  00$aSwedish pollutant release and transfer register$h[electronic resource].
=260  \\$aStockholm :$bSwedish Environmental Protection Agency
=336  \\$atext$2rdacontent
=337  \\$acomputer$2rdamedia
=338  \\$aonline resource$2rdacarrier
=500  \\$aTitle from home page (viewed on Sept. 16, 2011).
=506  \\$aData are free to access.
=516  \\$atext/html; application/msexcel.
=520  \\$aProvides information on facilities in Sweden and their emissions into the environment. Data can be identified by county and municipality in which facilities lie, by activity (e.g. energy sector, mining or chemical industry, paper or metal production and processing, waste management farming) or substance released. Data reported by year on emissions to air, water and water treatment works can be downloaded in Excel.
=538  \\$aMode of access: World Wide Web.
=540  \\$aNot stated.
=546  \\$aIn English and Swedish.
=584  \\$aData are submitted by industry.
=650  \0$aPollution$zSweden$vDatabases.
=650  \0$aIndustries$xEnvironmental aspects$zSweden$vDatabases.
=653  2\$aLiving With Environmental Change
=655  \7$aDataset.$2local
=655  \7$aMonitoring data.$2local
=655  \7$aReference data.$2local
=690  7\$aResearch Datasets Collection$2blcoll
=710  1\$aSweden.$bStatens naturvårdsverk.
=856  40$uhttp://utslappisiffror.naturvardsverket.se/en/Search/$yResearch Datasets Collection
=859  \\$aXLD$bdatasets
=CAT  \\$aRESDATASET$b00$c20110825$lBLL01$h1145
=CAT  \\$a7332$b40$c20110916$lBLL01$h0916
=CAT  \\$aBATCH-UPD$b40$c20120821$lBLL01$h1643
=CAT  \\$aBATCH-UPD$b40$c20121018$lBLL01$h1010
=CAT  \\$aWR13.117$c20130718$lBLL01$h1857
=CAT  \\$aW1606-1753$c20171028$lBLL01$h1342
=FIN  \\$aY$d20110916
=FMT  \\$a  SE
=LAS  \\$aW1606-1753$b00$c20171028$lBLL01$h1342
=SRC  \\$aBLDatasets$bstm_datasets_20110825_mrc.xml
=TCO  \\$aZZZ$c008

