=LDR  02819 ai a2200625 a 4500
=001  015876803
=003  Uk
=005  20111126124521.0
=006  m\\\\\\\\m\|\\\\\\
=007  cr\|||||||||||
=008  110825c200u9999stkuu\d\o\s\\\0\\\a2eng\\
=024  7\$astm20100409a$2local
=040  \\$aUk$beng$cUk
=042  \\$aukblsr
=082  04$a363.739209411$223
=245  00$aScotland air quality data and statistics database$h[electronic resource].
=246  1\$iHTML header:$aData - Scottish air quality
=246  3\$aAir quality in Scotland
=260  \\$a[Glengarnock] :$bAEA
=336  \\$atext$2rdacontent
=337  \\$acomputer$2rdamedia
=338  \\$aonline resource$2rdacarrier
=500  \\$aTitle from home page (viewed on Nov. 26, 2011).
=506  \\$aData are free to access.
=516  \\$atext/csv; text/html.
=518  \\$a1986-.
=520  \\$aScottish Air Quality offers measured air quality and statistics from Scottish local authorities from 1986 to the present day. Measured data includes those from automatic networks as well as regular, but less frequent, data from non-automatic networks. Statistics available include daily means, minima and maxima and running means. The size of data requests will determine whether data can be delivered on screen in HTML or via email or FTP in CSV format. Data can be selected by monitoring network, measurement type, site and time period. Details of each active monitoring site are available, with graphs of 7- and 30-day measurements from that site. Forecasts of air quality are also given.
=522  \\$aScotland.
=538  \\$aMode of access: World Wide Web.
=540  \\$aCrown Copyright.
=584  \\$aData are collected by Scottish Local Authorities.
=584  \\$aAccepting data submissions: No.
=650  \0$aAir quality$zScotland$vDatabases.
=650  \0$aAir quality$zScotland$vStatistics$vPeriodicals.
=653  2\$aLiving With Environmental Change
=655  \7$aDataset.$2local
=655  \7$aMonitoring data.$2local
=655  \7$aLongitudinal data.$2local
=655  \7$aReference data.$2local
=690  7\$aResearch Datasets Collection$2blcoll
=710  1\$aScotland.$bScottish Government.
=710  2\$aAEA Technology (Firm)
=856  40$uhttp://scottishairquality.co.uk/data.php$yResearch Datasets Collection
=859  \\$aXLD$bdatasets
=CAT  \\$aRESDATASET$b00$c20110825$lBLL01$h1145
=CAT  \\$a7332$b40$c20111126$lBLL01$h1245
=CAT  \\$aBATCH-UPD$b40$c20120821$lBLL01$h1643
=CAT  \\$aBATCH-UPD$b40$c20121018$lBLL01$h1010
=CAT  \\$aWR13.117$c20130718$lBLL01$h1857
=CAT  \\$aW1606-1753$c20171028$lBLL01$h1342
=FIN  \\$aY$d20111126
=FMT  \\$a  SE
=LAS  \\$aW1606-1753$b00$c20171028$lBLL01$h1342
=SRC  \\$aBLDatasets$bstm_datasets_20110825_mrc.xml
=TCO  \\$aZZZ$c008

