=LDR  02658 ai a2200589 a 4500
=001  015876804
=003  Uk
=005  20111126133152.0
=006  m\\\\\\\\m\|\\\\\\
=007  cr\|||||||||||
=008  110825c200u9999xxuuu\d\o\\\\\0\\\a2eng\\
=024  7\$astm20100415a$2local
=040  \\$aUk$beng$cUk
=042  \\$aukblsr
=082  04$a363.73920973$223
=245  00$aCASTNET$h[electronic resource].
=260  \\$aWashington D.C. :$bUS EPA
=336  \\$atext$2rdacontent
=337  \\$acomputer$2rdamedia
=338  \\$aonline resource$2rdacarrier
=500  \\$aTitle from Web page (viewed on Nov. 26, 2011).
=506  \\$aData are free to access.
=516  \\$atext/csv.
=520  \\$aData reports can be generated from raw data (weekly ambient concentrations of SO2 and HNO3 gases, and SO4, NO3, NH4 and base cation concentrations for particles as measured by open-face filter packs; Hourly SO2, NOy and CO values as measured by gas analyzers; Hourly meteorological and ozone concentration data), models (model output estimates for weekly, annual and seasonal concentration, dry deposition velocity, and dry deposition flux), input data for these models and rolling 8-hour averages of ambient concentration and total annual deposition at CASTNET. Most of these are also available as zipped CSV files, by year.
=522  \\$aUnited States.
=538  \\$aMode of access: World Wide Web.
=540  \\$aPublic Domain.
=584  \\$aData is collected by the EPA.
=584  \\$aAccepting data submissions: No.
=650  \0$aAir quality management$zUnited States$vDatabases.
=650  \0$aEnvironmental monitoring$zUnited States$vDatabases.
=650  \0$aAtmospheric deposition$zUnited States$vDatabases.
=653  2\$aLiving With Environmental Change
=655  \7$aDataset.$2local
=655  \7$aMonitoring data.$2local
=655  \7$aReference data.$2local
=690  7\$aResearch Datasets Collection$2blcoll
=710  1\$aUnited States.$bEnvironmental Protection Agency.
=710  2\$aClean Air Status and Trends Network (Program : U.S.)
=856  40$uhttp://java.epa.gov/castnet/reportPage.do$yResearch Datasets Collection
=859  \\$aXLD$bdatasets
=CAT  \\$aRESDATASET$b00$c20110825$lBLL01$h1145
=CAT  \\$a7332$b40$c20111126$lBLL01$h1331
=CAT  \\$aBATCH-UPD$b40$c20120821$lBLL01$h1643
=CAT  \\$aBATCH-UPD$b40$c20121018$lBLL01$h1010
=CAT  \\$aWR13.117$c20130718$lBLL01$h1857
=CAT  \\$aW1606-1753$c20171028$lBLL01$h1342
=FIN  \\$aY$d20111126
=FMT  \\$a  SE
=LAS  \\$aW1606-1753$b00$c20171028$lBLL01$h1342
=SRC  \\$aBLDatasets$bstm_datasets_20110825_mrc.xml
=TCO  \\$aZZZ$c008

