=LDR  01750 ai a22004575a 4500
=001  015876807
=003  Uk
=005  20110825114532.0
=007  cr\|||||||||||
=008  \\\\\\c\\\\9999\\\\\\\\o\\\\\0\\\a2eng\\
=024  7\$astm20100416b$2local
=245  00$aAnnual Energy Review - Environment$h[electronic resource].
=260  \\$bU.S. Energy Information Administration
=310  \\$aAnnually
=336  \\$atext$2rdacontent
=337  \\$acomputer$2rdamedia
=338  \\$aonline resource$2rdacarrier
=506  \\$aData are free to access.
=516  \\$aapplication/pdf; text/csv.
=520  \\$aProvides annual statistics on carbon dioxide (CO2), methane (CH4) and nitrous oxide (NOx) emissions from various sectors in the U.S. These are available in PDF, CSV and HTML formats.
=522  \\$aUnited States.
=540  \\$aPublic Domain.
=584  \\$aData are collected by the U.S. Energy Information Administration.
=584  \\$aAccepting data submissions: No.
=653  \\$aAir Quality > Emissions.
=653  2\$aLiving With Environmental Change
=655  \7$aDataset.$2local
=655  \7$aStatistics.$2local
=690  7\$aResearch Datasets Collection$2blcoll
=710  2\$aU.S. Energy Information Administration
=856  40$uhttp://www.eia.doe.gov/emeu/aer/envir.html$yResearch Datasets Collection
=859  \\$aXLD$bdatasets
=CAT  \\$aRESDATASET$b00$c20110825$lBLL01$h1145
=CAT  \\$aBATCH-UPD$b00$c20120821$lBLL01$h1643
=CAT  \\$aBATCH-UPD$b00$c20121018$lBLL01$h1010
=CAT  \\$aWR13.117$c20130718$lBLL01$h1857
=CAT  \\$aW1606-1753$c20171028$lBLL01$h1342
=FMT  \\$a  SE
=LAS  \\$aW1606-1753$b00$c20171028$lBLL01$h1342
=SRC  \\$aBLDatasets$bstm_datasets_20110825_mrc.xml
=TCO  \\$aZZZ$c008

