=LDR  02421 ai a2200601 a 4500
=001  015876808
=003  Uk
=005  20111222104403.0
=006  m\\\\\\\\m\|\\\\\\
=007  cr\|||||||||||
=008  110825c200u9999xxuuu\d\o\\\\\0\\\a2eng\\
=024  7\$astm20100419a$2local
=040  \\$aUk$beng$cUk
=042  \\$aukblsr
=082  04$a551.461$223
=245  00$aLive access to DATA$h[electronic resource] /$cMonterey Bay Aquarium Research Institute.
=260  \\$aMoss Landing :$bMonterey Bay Aquarium Research Institute
=336  \\$atext$2rdacontent
=337  \\$acomputer$2rdamedia
=338  \\$aonline resource$2rdacarrier
=500  \\$aTitle from home page (viewed on Dec. 22, 2011).
=506  \\$aData are free to access.
=516  \\$aimage/gif; text/csv; text/plain.
=518  \\$a01/01/2004 - 31/12/2006.
=520  \\$aProvides data on marine atmosphere and hydrology. Data parameters include air pressure and temperature, humidity, salinity, conductivity and wind velocity. These are available as daily or hourly averaged measurements and can be restricted by depth and time for download as a line plot, ASCII text files or spatial projections.
=538  \\$aMode of access: World Wide Web.
=540  \\$aNot stated.
=584  \\$aData is collected by MBARI.
=650  \0$aOceanography$xResearch$vDatabases.
=650  \0$aOcean-atmosphere interaction$vDatabases.
=650  \0$aHydrology$vDatabases.
=653  2\$aLiving With Environmental Change
=655  \7$aDataset.$2local
=655  \7$aObservational data.$2local
=655  \7$aMonitoring data.$2local
=655  \7$aReference data.$2local
=690  7\$aResearch Datasets Collection$2blcoll
=710  2\$aMonterey Bay Aquarium Research Institute.
=856  40$uhttp://dods.mbari.org/lasOASIS/$yResearch Datasets Collection
=859  \\$aXLD$bdatasets
=CAT  \\$aRESDATASET$b00$c20110825$lBLL01$h1145
=CAT  \\$a7332$b40$c20111222$lBLL01$h0851
=CAT  \\$a7332$b40$c20111222$lBLL01$h0852
=CAT  \\$a7332$b40$c20111222$lBLL01$h1044
=CAT  \\$aBATCH-UPD$b40$c20120821$lBLL01$h1643
=CAT  \\$aBATCH-UPD$b40$c20121018$lBLL01$h1010
=CAT  \\$aWR13.117$c20130718$lBLL01$h1857
=CAT  \\$aW1606-1753$c20171028$lBLL01$h1342
=FIN  \\$aY$d20111222
=FMT  \\$a  SE
=LAS  \\$aW1606-1753$b00$c20171028$lBLL01$h1342
=SRC  \\$aBLDatasets$bstm_datasets_20110825_mrc.xml
=TCO  \\$aZZZ$c008

