=LDR  03244 ai a2200613 a 4500
=001  015876810
=003  Uk
=005  20120104080904.0
=006  m\\\\\\\\m\|\\\\\\
=007  cr\|||||||||||
=008  110825c200u9999enkuu\d\o\\\\\0\\\a2eng\\
=024  7\$astm20100426a$2local
=024  7\$a10.4124/2$2doi
=040  \\$aUk$beng$cUk
=042  \\$aukblsr
=082  04$a551.513$223
=245  00$aACSOE/OXICOA - Eastern Atlantic Spring/Summer Experiments (EASE-96 and EASE-97)$h[electronic resource].
=246  3\$aacsoe-oxicoa-ease
=260  \\$bBritish Atmospheric Data Centre (BADC)
=336  \\$atext$2rdacontent
=337  \\$acomputer$2rdamedia
=338  \\$aonline resource$2rdacarrier
=500  \\$aTitle from home page (viewed on Dec. 21, 2011).
=506  \\$aData are free to access.
=516  \\$atext/plain.
=520  \\$aACSOE (Atmospheric Chemistry Studies in the Oceanic Environment) was a tropospheric chemistry project involving groups from UK universities and research institutes and coordinated measurement campaigns from ground stations, ships and aircraft. ACSOE aimed to understand processes occurring in the remote marine atmosphere and how these are modified by anthropogenic emissions. The study area covers regions south of Iceland, through the eastern Atlantic and North Sea, to the Canary Islands. Three consortia focused on a different topics, this data relates to OXICOA (OXIdising Capacity of the Ocean Atmosphere) - studying oxidant, radical and related gas-phase chemistry in clean and moderately polluted marine atmosphere.EASE 96 took place July-August 1996, EASE 97 in March-June 1997. Studies of the extent of NO3 chemistry and of halogen chemistry were undertaken in 1996 and 1997. The Cranfield Jetstream aircraft was deployed in experiments to characterise the vertical and horizontal homogeneity of the air mass.
=538  \\$aMode of access: World Wide Web.
=540  \\$aNot stated.
=584  \\$aData were collected by the ACSOE project.
=650  \0$aAtmospheric chemistry$xResearch$vDatabases.
=650  \0$aTropospheric chemistry$xResearch$vDatabases.
=650  \0$aOcean-atmosphere interaction$xResearch$vDatabases.
=653  2\$aLiving With Environmental Change
=655  \7$aDataset.$2local
=655  \7$aObservational data.$2local
=655  \7$aMonitoring data.$2local
=655  \7$aReference data.$2local
=690  7\$aResearch Datasets Collection$2blcoll
=710  2\$aAtmospheric Chemistry Studies in the Oceanic Environment (Programme)
=710  2\$aBritish Atmospheric Data Centre.
=856  40$uhttp://badc.nerc.ac.uk/view/badc.nerc.ac.uk__ATOM__dataent_11746761484318953$yResearch Datasets Collection
=859  \\$aXLD$bdatasets
=CAT  \\$aRESDATASET$b00$c20110825$lBLL01$h1145
=CAT  \\$a7332$b40$c20111222$lBLL01$h0809
=CAT  \\$a7332$b40$c20120104$lBLL01$h0809
=CAT  \\$aBATCH-UPD$b40$c20120821$lBLL01$h1643
=CAT  \\$aBATCH-UPD$b40$c20121018$lBLL01$h1009
=CAT  \\$aWR13.117$c20130718$lBLL01$h1857
=CAT  \\$aW1606-1753$c20171028$lBLL01$h1342
=FIN  \\$aY$d20111222
=FMT  \\$a  SE
=LAS  \\$aW1606-1753$b00$c20171028$lBLL01$h1342
=SRC  \\$aBLDatasets$bstm_datasets_20110825_mrc.xml
=TCO  \\$aZZZ$c008

