=LDR  02726 ai a2200577 a 4500
=001  015876815
=003  Uk
=005  20111222153706.0
=006  m\\\\\\\\m\|\\\\\\
=007  cr\|||||||||||
=008  110825c200u9999enkuu\d\o\\\\\0\\\a2eng\\
=024  7\$astm20100617a$2local
=040  \\$aUk$beng$cUk
=042  \\$aukblsr
=082  04$a590.941$223
=245  00$aLong-Term Individual Based Time Series$h[electronic resource].
=246  3\$aLITS
=260  \\$aLondon :$bCentre for Population Biology
=336  \\$atext$2rdacontent
=337  \\$acomputer$2rdamedia
=338  \\$aonline resource$2rdacarrier
=500  \\$aTitle from home page (viewed on Dec. 22, 2011).
=506  \\$aSome data require permission to access.
=510  3\$uhttp://dx.doi.org/10.1111/j.1365-2656.2008.01382.x
=516  \\$aapplication/msaccess.
=520  \\$aLITS provides data from long-term observations of species. There are currently 3 complete datasets available to download: Kestrel (Falco tinnunculus) observations in several locations in the UK between 1974 and 1989, containing information on 949 marked and 3934 unmarked individuals. A rook (Corvus frugilegus) dataset of a population in Aberdeenshire. The last dataset is a sparrowhawk (Accipiter nisus) dataset from Eskdale, Scotland, spanning the period 1971-1992. Data recorded were breeding numbers, lay date, clutch/brood size and annual survival. These datasets can be downloaded in MS Access format. There are 69 other datasets available, but permission to obtain these datasets must be requested.
=538  \\$aMode of access: World Wide Web.
=540  \\$aNot stated.
=584  \\$aData are aggregated by the LITS team, but can be submitted by researchers.
=584  \\$aAccepting data submissions: Yes.
=650  \0$aAnimals$xMonitoring$zGreat Britain$vDatabases.
=653  2\$aLiving With Environmental Change
=655  \7$aDataset.$2local
=655  \7$aLongitudinal data.$2local
=655  \7$aMonitoring data.$2local
=655  \7$aReference data.$2local
=690  7\$aResearch Datasets Collection$2blcoll
=710  2\$aCentre for Population Biology.
=856  40$uhttp://lits.bio.ic.ac.uk:8080/litsproject/$yResearch Datasets Collection
=859  \\$aXLD$bdatasets
=CAT  \\$aRESDATASET$b00$c20110825$lBLL01$h1145
=CAT  \\$a7332$b40$c20111222$lBLL01$h1537
=CAT  \\$aBATCH-UPD$b40$c20120821$lBLL01$h1643
=CAT  \\$aBATCH-UPD$b40$c20121018$lBLL01$h1009
=CAT  \\$aWR13.117$c20130718$lBLL01$h1857
=CAT  \\$aW1606-1753$c20171028$lBLL01$h1342
=FIN  \\$aY$d20111222
=FMT  \\$a  SE
=LAS  \\$aW1606-1753$b00$c20171028$lBLL01$h1342
=SRC  \\$aBLDatasets$bstm_datasets_20110825_mrc.xml
=TCO  \\$aZZZ$c008

