=LDR  02646 ai a2200613 a 4500
=001  015876816
=003  Uk
=005  20121023152824.0
=006  m\\\\\\\\m\|\\\\\\
=007  cr\|||||||||||
=008  110825c200u9999xxuuu\d\o\\\\\0\\\a2eng\\
=024  7\$astm20100816c$2local
=040  \\$aUk$beng$cUk$dUk
=042  \\$aukblsr
=082  04$a333.78209795$223
=245  00$aODFW's data clearinghouse$h[electronic resource].
=246  3\$aOregon Department of Fish and Wildlife's data clearinghouse
=260  \\$aPortland :$bOregon Department of Fish and Wildlife
=336  \\$atext$2rdacontent
=337  \\$acomputer$2rdamedia
=338  \\$aonline resource$2rdacarrier
=500  \\$aTitle from Web page (viewed on Sept. 29, 2011).
=506  \\$aData are free to access.
=516  \\$aapplication/msexcel; shapefile; application/msaccess; application/msword.
=520  \\$aAims to make Oregon's natural resource information more accessible, providing a central distribution service for data about Oregon's natural resources, including GIS data, inventory databases and survey data, trap data, species distribution data, water and habitat quality and bioassessments. Data can be searched by agency, contact person and keyword or the full set of records can be browsed.
=522  \\$aOregon.
=538  \\$aMode of access: World Wide Web.
=540  \\$aNot stated.
=584  \\$aData are aggregated by the Oregon Department of Fish and Wildlife.
=584  \\$aAccepting data submissions: Yes.
=650  \0$aNatural resources$zOregon$vDatabases.
=653  2\$aLiving With Environmental Change
=655  \7$aDataset.$2local
=655  \7$aMetadata.$2local
=655  \7$aMonitoring data.$2local
=655  \7$aReference data.$2local
=690  7\$aResearch Datasets Collection$2blcoll
=710  1\$aOregon.$bNatural Resources Information Management Program.
=710  2\$aOregon Watershed Enhancement Board.
=856  40$uhttps://nrimp.dfw.state.or.us/DataClearinghouse/default.aspx?p=149$yResearch Datasets Collection
=859  \\$aXLD$bdatasets
=CAT  \\$aRESDATASET$b00$c20110825$lBLL01$h1145
=CAT  \\$a7332$b40$c20110929$lBLL01$h1153
=CAT  \\$a7332$b40$c20111020$lBLL01$h1029
=CAT  \\$aBATCH-UPD$b40$c20120821$lBLL01$h1643
=CAT  \\$aBATCH-UPD$b40$c20121018$lBLL01$h1010
=CAT  \\$a7332$b40$c20121023$lBLL01$h1528
=CAT  \\$aWR13.117$c20130718$lBLL01$h1857
=CAT  \\$aW1606-1753$c20171028$lBLL01$h1342
=FIN  \\$aY$d20110929
=FMT  \\$a  SE
=LAS  \\$aW1606-1753$b00$c20171028$lBLL01$h1342
=SRC  \\$aBLDatasets$bstm_datasets_20110825_mrc.xml
=TCO  \\$aZZZ$c008

