=LDR  02566 ai a2200613 a 4500
=001  015876817
=003  Uk
=005  20111206113040.0
=006  m\\\\\\\\m\|\\\\\\
=007  cr\|||||||||||
=008  110825c200u9999fr\uu\d\o\\\\\0\\\a2eng\\
=024  7\$astm20100831h$2local
=040  \\$aUk$beng$cUk
=042  \\$aukblsr
=082  04$a561.13094$223
=245  00$aEuropean pollen database$h[electronic resource].
=246  3\$aEPD
=260  \\$a[Aix-en-Provence] :$bInstitut MeÌditerraneÌen d'Ecologie et de PaleÌoeÌcologie
=336  \\$atext$2rdacontent
=337  \\$acomputer$2rdamedia
=338  \\$aonline resource$2rdacarrier
=500  \\$aTitle from home page (viewed on Oct. 21, 2011).
=506  \\$aData are free to access.
=510  3\$uhttp://dx.doi.org/10.1007/s00334-009-0215-9
=516  \\$atext/plain; text/html; application/msaccess.
=520  \\$aProvides fossilised pollen data from hundreds of sites across 38 countries. The whole dataset can be downloaded in Paradox, Access and PostgreSQL database formats. Online queries can identify data by site and author, and results downloaded in ASCII format. Data present the number of pollen from representative species at each tested depth in the sample.
=522  \\$aEurope.
=538  \\$aMode of access: World Wide Web.
=540  \\$aNot stated.
=584  \\$aData are aggregated by the European Pollen Database and submitted by researchers.
=584  \\$aAccepting data submissions: Yes.
=650  \0$aPollen, Fossil$zEurope$vDatabases.
=650  \0$aPalynology$zEurope$vDatabases.
=653  2\$aLiving With Environmental Change
=655  \7$aDataset.$2local
=655  \7$aReference data.$2local
=655  \7$aObservational data.$2local
=690  7\$aResearch Datasets Collection$2blcoll
=710  2\$aInstitut MeÌditerraneÌen d'Ecologie et de PaleÌoeÌcologie.
=856  40$uhttp://www.europeanpollendatabase.net/data/$yResearch Datasets Collection
=859  \\$aXLD$bdatasets
=CAT  \\$aRESDATASET$b00$c20110825$lBLL01$h1145
=CAT  \\$a7332$b40$c20111021$lBLL01$h0824
=CAT  \\$a7332$b40$c20111206$lBLL01$h1130
=CAT  \\$aBATCH-UPD$b40$c20111209$lBLL01$h2039
=CAT  \\$aBATCH-UPD$b40$c20120821$lBLL01$h1643
=CAT  \\$aBATCH-UPD$b40$c20121018$lBLL01$h1010
=CAT  \\$aWR13.117$c20130718$lBLL01$h1857
=CAT  \\$aW1606-1753$c20171028$lBLL01$h1342
=FIN  \\$aY$d20111021
=FMT  \\$a  SE
=LAS  \\$aW1606-1753$b00$c20171028$lBLL01$h1342
=SRC  \\$aBLDatasets$bstm_datasets_20110825_mrc.xml
=TCO  \\$aZZZ$c008

