=LDR  02628 ai a2200589 a 4500
=001  015876818
=003  Uk
=005  20111101110255.0
=006  m\\\\\\\\m\|\\\\\\
=007  cr\|||||||||||
=008  110825c200u9999xxuuu\d\o\\\\\0\\\a2eng\\
=024  7\$astm20100628a$2local
=040  \\$aUk$beng$cUk
=042  \\$aukblsr
=082  04$a551.46132$223
=245  00$aARCSS data archive at NCAR/EOL$h[electronic resource].
=260  \\$aBoulder :$bNational Centre for Atmospheric Research
=336  \\$atext$2rdacontent
=337  \\$acomputer$2rdamedia
=338  \\$aonline resource$2rdacarrier
=500  \\$aTitle from home page (viewed on Oct. 26, 2011).
=506  \\$aData are free to access.
=516  \\$aapplication/msexcel; ASCII; image/jpg; text/csv; text/plain.
=520  \\$aThe ARCSS data archive provides a search and browse of ARCSS datasets held at NCAR EOL. This includes CTD, water chemistry and other ship-based and underway oceanographic data. A small number of satellite, buoy and aircraft datasets are also available. Data parameters include biology, nutrients, GIS, human health, sea ice, active Layer/permafrost, vegetation, land characterization, meteorology, radiation, soils, snow, ecosystem and upper air data. These can be browsed by discipline or data type and a basic keyword search is available.
=522  \\$aArctic Ocean.
=538  \\$aMode of access: World Wide Web.
=540  \\$aNot stated.
=584  \\$aData are submitted to the ARCSS Data Archive by researchers.
=584  \\$aAccepting data submissions: Yes.
=651  \0$aArctic regions$xResearch$vDatabases.
=653  2\$aLiving With Environmental Change
=655  \7$aDataset.$2local
=655  \7$aObservational data.$2local
=655  \7$aRecordings.$2local
=655  \7$aReference data.$2local
=690  7\$aResearch Datasets Collection$2blcoll
=710  2\$aNational Center for Atmospheric Research (U.S.).$bEarth Observing Laboratory.
=710  2\$aARCSS (Program)
=856  40$uhttp://www.eol.ucar.edu/projects/arcss/$yResearch Datasets Collection
=859  \\$aXLD$bdatasets
=CAT  \\$aRESDATASET$b00$c20110825$lBLL01$h1145
=CAT  \\$a7332$b40$c20111027$lBLL01$h1149
=CAT  \\$a7332$b40$c20111101$lBLL01$h1102
=CAT  \\$aBATCH-UPD$b40$c20120821$lBLL01$h1643
=CAT  \\$aBATCH-UPD$b40$c20121018$lBLL01$h1010
=CAT  \\$aWR13.117$c20130718$lBLL01$h1857
=CAT  \\$aW1606-1753$c20171028$lBLL01$h1342
=FIN  \\$aY$d20111026
=FMT  \\$a  SE
=LAS  \\$aW1606-1753$b00$c20171028$lBLL01$h1342
=SRC  \\$aBLDatasets$bstm_datasets_20110825_mrc.xml
=TCO  \\$aZZZ$c008

