=LDR  03175 ai a2200709 a 4500
=001  015876819
=003  Uk
=005  20121026130251.0
=006  m\\\\\\\\m\|\\\\\\
=007  cr\|||||||||||
=008  110825c200u9999xxuuu\d\o\\\\\0\\\a2eng\\
=024  7\$astm20100628b$2local
=040  \\$aUk$beng$cUk
=042  \\$aukblsr
=082  04$a333.720998$223
=245  00$aAdvanced Cooperative Arctic Data and Information Service$h[electronic resource].
=246  3\$aACADIS
=247  10$aCooperative Arctic Data and Information Service
=260  \\$aBoulder :$bUCAR
=336  \\$atext$2rdacontent
=337  \\$acomputer$2rdamedia
=338  \\$aonline resource$2rdacarrier
=506  \\$aData are free to access.
=516  \\$aapplication/msexcel; ASCII; image/jpg; text/plain; text/csv.
=520  \\$aACADIS provides data produced as part of the Arctic Observation Network. This includes atmospheric, hydrology, terrestrial cryosphere, ocean and sea ice and terrestrial ecosystem data from the Arctic. These can be accessed by browsing disciplines, principle investigator and AON project. Searches can be refined using map browse, project, instrument and available parameters. Data can be visualised in Google Earth. The positions of observation points for each project can be viewed on a globe or map view to access data.
=522  \\$aArctic Ocean.
=538  \\$aMode of access: World Wide Web.
=540  \\$aNot stated.
=584  \\$aData are submitted to ACADIS from projects funded as part of the NSF's Arctic Science Program (ARC).
=584  \\$aAccepting data submissions: No.
=588  \\$aTitle from home page (viewed on Oct. 26, 2012).
=650  \0$aClimatology$xResearch$zArctic regions$vDatabases.
=650  \0$aMeteorology$xResearch$zArctic regions$vDatabases.
=650  \0$aOceanography$zArctic regions$vDatabases.
=650  \0$aEnvironmental monitoring$zArctic regions$vDatabases.
=653  2\$aLiving With Environmental Change
=655  \7$aDataset.$2local
=655  \7$aObservational data.$2local
=655  \7$aLongitudinal data.$2local
=655  \7$aReference data.$2local
=690  7\$aResearch Datasets Collection$2blcoll
=710  2\$aNational Snow and Ice Data Center (U.S.)
=710  2\$aUniversity Corporation for Atmospheric Research.
=710  2\$aNational Center for Atmospheric Research (U.S.)
=856  40$uhttp://www.aoncadis.org/$yResearch Datasets Collection
=859  \\$aXLD$bdatasets
=CAT  \\$aRESDATASET$b00$c20110825$lBLL01$h1145
=CAT  \\$a7332$b40$c20111126$lBLL01$h1420
=CAT  \\$a7332$b40$c20120103$lBLL01$h1012
=CAT  \\$aBATCH-UPD$b40$c20120821$lBLL01$h1643
=CAT  \\$aBATCH-UPD$b40$c20121018$lBLL01$h1009
=CAT  \\$a7332$b40$c20121026$lBLL01$h1147
=CAT  \\$a7332$b40$c20121026$lBLL01$h1151
=CAT  \\$a7332$b40$c20121026$lBLL01$h1155
=CAT  \\$a7332$b40$c20121026$lBLL01$h1302
=CAT  \\$aWR13.117$c20130718$lBLL01$h1857
=CAT  \\$aW1606-1753$c20171028$lBLL01$h1342
=FIN  \\$aY$d20111126
=FMT  \\$a  SE
=LAS  \\$aW1606-1753$b00$c20171028$lBLL01$h1342
=SRC  \\$aBLDatasets$bstm_datasets_20110825_mrc.xml
=TCO  \\$aZZZ$c008

