=LDR  02961 am a2200661 a 4500
=001  015876821
=003  Uk
=005  20111101103703.0
=006  m\\\\\\\\m\|\\\\\\
=007  cr\|||||||||||
=008  110825s200u\\\\enk\\\\\o\\\\\000\0\eng\\
=024  7\$astm20100628d$2local
=040  \\$aUk$beng$cUk
=042  \\$aukblsr
=082  04$a598.864094124$223
=245  00$aAberdeenshire rook$h[electronic resource].
=246  3\$aDunnet/Patterson Aberdeenshire rook data
=260  \\$a[Great Britain] :$bLong-Term Individual Based Time Series
=336  \\$atext$2rdacontent
=337  \\$acomputer$2rdamedia
=338  \\$aonline resource$2rdacarrier
=500  \\$aTitle from home page (viewed on Oct. 28, 2011).
=506  \\$aData are free to access.
=516  \\$aapplication/msaccess.
=518  \\$a1965-1972.
=520  \\$aThis dataset was collected for a rook (Corvus frugilegus) population in the catchment of the River Ythan, Aberdeenshire. Population level information includes breeding population size, breeding success, mortality, local distribution and habitat selection. Individual level parameters monitored include feeding range, nest location, pair bond, breeding success, survival, colony fidelity and recruitment of young to colonies. Individuals were identified using wing tags (and occasionally coloured leg rings). Over the course of the study well over 1000 birds were monitored.
=522  \\$aYthan (river).
=538  \\$aMode of access: World Wide Web.
=540  \\$aNot stated.
=584  \\$aData are from a single observation project.
=584  \\$aAccepting data submissions: No.
=650  \0$aCorvus frugilegus$zScotland$zAberdeenshire$xMonitoring$vDatabases.
=650  \0$aCorvus frugilegus$zScotland$zAberdeenshire$xBreeding$vDatabases.
=653  2\$aLiving With Environmental Change
=655  \7$aDataset.$2local
=655  \7$aObservational data.$2local
=655  \7$aLongitudinal data.$2local
=655  \7$aReference data.$2local
=690  7\$aResearch Datasets Collection$2blcoll
=700  1\$aPatterson, I. J.$q(Ian James),$d1939-
=700  1\$aDunnet, G. M.$q(George M.).
=710  2\$aLong-term Individual based Time Series (Project)
=856  40$uhttp://lits.bio.ic.ac.uk:8080/litsproject/pubdownloads.htm$yResearch Datasets Collection
=859  \\$aXLD$bdatasets
=CAT  \\$aRESDATASET$b00$c20110825$lBLL01$h1145
=CAT  \\$a7332$b40$c20111028$lBLL01$h0824
=CAT  \\$a7332$b40$c20111101$lBLL01$h0922
=CAT  \\$a7332$b40$c20111101$lBLL01$h1037
=CAT  \\$aBATCH-UPD$b40$c20120821$lBLL01$h1643
=CAT  \\$aBATCH-UPD$b40$c20121018$lBLL01$h1010
=CAT  \\$aWR13.117$c20130718$lBLL01$h1857
=CAT  \\$aW1606-1753$c20171028$lBLL01$h1342
=CAT  \\$aBATCH-UPD$b00$c20171028$lBLL01$h1344
=FIN  \\$aY$d20111028
=FMT  \\$a  BK
=LAS  \\$aBATCH-UPD$b00$c20171028$lBLL01$h1344
=SRC  \\$aBLDatasets$bstm_datasets_20110825_mrc.xml
=TCO  \\$aZZZ$c008

