=LDR  02584 am a2200637 a 4500
=001  015876822
=003  Uk
=005  20111101103356.0
=006  m\\\\\\\\m\|\\\\\\
=007  cr\|||||||||||
=008  110825s200u\\\\enk\\\\\o\\\\\000\0\eng\\
=024  7\$astm20100628f$2local
=040  \\$aUk$beng$cUk
=042  \\$aukblsr
=082  04$a598.9440941$223
=245  00$aSparrowhawk, Eskdale/Cambridgeshire (full dataset)$h[electronic resource].
=246  3\$aNewton sparrowhawk data
=260  \\$a[Great Britain] :$bLong-Term Individual Based Time Series
=336  \\$atext$2rdacontent
=337  \\$acomputer$2rdamedia
=338  \\$aonline resource$2rdacarrier
=500  \\$aTitle from home page (viewed on Oct. 28, 2011).
=506  \\$aData are free to access.
=516  \\$aapplication/msaccess.
=518  \\$a1971/03/11-1997.
=520  \\$aThis dataset, on sparrowhawk (Accipiter nisus) in Eskdale, Scotland, spans the period 1971-1992. The main variables recorded were breeding numbers, lay date, clutch/brood size and annual survival, from which estimates of demographic rates could be made. The data files also include data from a similar study in Cambridgeshire in 1997.
=522  \\$aUnited Kingdom.
=538  \\$aMode of access: World Wide Web.
=540  \\$aNot stated.
=584  \\$aData are from a single observation project.
=584  \\$aAccepting data submissions: No.
=650  \0$aEuropean sparrowhawk$xMonitoring$vDatabases.
=650  \0$aEuropean sparrowhawk$xBreeding$vDatabases.
=653  2\$aLiving With Environmental Change
=655  \7$aDataset.$2local
=655  \7$aObservational data.$2local
=655  \7$aLongitudinal data.$2local
=655  \7$aReference data.$2local
=690  7\$aResearch Datasets Collection$2blcoll
=700  1\$aNewton, Ian,$d1940-
=710  2\$aLong-term Individual based Time Series (Project)
=856  40$uhttp://lits.bio.ic.ac.uk:8080/litsproject/pubdownloads.htm$yResearch Datasets Collection
=859  \\$aXLD$bdatasets
=CAT  \\$aRESDATASET$b00$c20110825$lBLL01$h1145
=CAT  \\$a7332$b40$c20111028$lBLL01$h0842
=CAT  \\$a7332$b40$c20111101$lBLL01$h0917
=CAT  \\$a7332$b40$c20111101$lBLL01$h1033
=CAT  \\$aBATCH-UPD$b40$c20120821$lBLL01$h1643
=CAT  \\$aBATCH-UPD$b40$c20121018$lBLL01$h1010
=CAT  \\$aWR13.117$c20130718$lBLL01$h1857
=CAT  \\$aW1606-1753$c20171028$lBLL01$h1342
=FIN  \\$aY$d20111028
=FMT  \\$a  BK
=LAS  \\$aW1606-1753$b00$c20171028$lBLL01$h1342
=SRC  \\$aBLDatasets$bstm_datasets_20110825_mrc.xml
=TCO  \\$aZZZ$c008

