=LDR  02748 ai a2200589 a 4500
=001  015876823
=003  Uk
=005  20110907130521.0
=006  m\\\\\\\\m\|\\\\\\
=007  cr\|||||||||||
=008  110825c200u9999enkuu\d\o\\\\\0\\\a2eng\\
=024  7\$astm20100629b$2local
=040  \\$aUk$beng$cUk
=042  \\$aukblsr
=082  04$a333.72$223
=245  00$aWorld database on protected areas$h[electronic resource].
=246  3\$aWDPA
=260  \\$aCambridge :$bUNEP-WCMC ;$aGland, Switzerland :$bIUCN WCPA
=336  \\$atext$2rdacontent
=337  \\$acomputer$2rdamedia
=338  \\$aonline resource$2rdacarrier
=500  \\$aTitle from home page (viewed on Sept. 7, 2011).
=506  \\$aRegistration is required for some of the data.
=510  3\$uhttp://dx.doi.org/10.1098/rstb.2004.1592
=516  \\$atext/csv; text/plain; application/msexcel; application/vnd.google-earth.kml+xml; shapefile.
=520  \\$aProvides a listing of the World's protected areas, with a map search or filter by country and type of protected area. Protected areas in the United Kingdom are not available in the text search due to licensing restrictions, but they are visible on the map search. Data on each site, such as date of establishment, area and IUCN category are given, as well as a geographical display of the location. Global Biodiversity Information Facility species occurrence data for sites are given where available, and can be downloaded per site in multiple formats. After registration, the geographic dataset can be downloaded as GIS Shapefile or KML files.
=538  \\$aMode of access: World Wide Web.
=540  \\$aNot stated.
=584  \\$aData are collated by the IUCN.
=584  \\$aAccepting data submissions: No.
=650  \0$aProtected areas$vDatabases.
=653  2\$aLiving With Environmental Change
=655  \7$aDataset.$2local
=655  \7$aReference data.$2local
=655  \7$aObservational data.$2local
=690  7\$aResearch Datasets Collection$2blcoll
=710  2\$aUNEP World Conservation Monitoring Centre.
=710  2\$aIUCN World Commission on Protected Areas.
=856  40$uhttp://www.wdpa.org/Default.aspx$yResearch Datasets Collection
=859  \\$aXLD$bdatasets
=CAT  \\$aRESDATASET$b00$c20110825$lBLL01$h1145
=CAT  \\$a7332$b40$c20110907$lBLL01$h1011
=CAT  \\$a7332$b40$c20110907$lBLL01$h1305
=CAT  \\$aBATCH-UPD$b40$c20120821$lBLL01$h1643
=CAT  \\$aBATCH-UPD$b40$c20121018$lBLL01$h1010
=CAT  \\$aWR13.117$c20130718$lBLL01$h1857
=CAT  \\$aW1606-1753$c20171028$lBLL01$h1342
=FIN  \\$aY$d20110907
=FMT  \\$a  SE
=LAS  \\$aW1606-1753$b00$c20171028$lBLL01$h1342
=SRC  \\$aBLDatasets$bstm_datasets_20110825_mrc.xml
=TCO  \\$aZZZ$c008

