=LDR  02427 ai a2200565 a 4500
=001  015876825
=003  Uk
=005  20111025150454.0
=006  m\\\\\\\\m\|\\\\\\
=007  cr\|||||||||||
=008  110825c200u9999xx\uu\d\o\\\\\0\\\a2eng\\
=024  7\$astm20100630b$2local
=040  \\$aUk$beng$cUk
=042  \\$aukblsr
=082  04$a592.1776$223
=245  00$aCensus of marine zooplankton$h[electronic resource].
=246  3\$aCMarZ
=260  \\$a[S.l.] :$bCensus of Marine Life
=336  \\$atext$2rdacontent
=337  \\$acomputer$2rdamedia
=338  \\$aonline resource$2rdacarrier
=500  \\$aTitle from home page (viewed on Oct. 25, 2011).
=506  \\$aData are free to access.
=516  \\$atext/plain; text/html.
=520  \\$aCMarZ provides zooplankton sampling data, such as species, biomass and sampling location, collected as part of the CMarZ arm of the Census of Marine Life. A small amount of associated environmental data is also available. To access the data, navigate to the 'cmarz database' item in the Data menu. Data is held in hierarchical directories, that can be navigated by clicking through to the dataset of interest. To display full data, use the 'next level' button until all data is available, then click 'flat list'. Simple graphs can be created using the 'Plotting and other operations' menu.
=538  \\$aMode of access: World Wide Web.
=540  \\$aNot stated.
=584  \\$aData is collected by CMarZ.
=650  \0$aMarine zooplankton$vDatabases.
=650  \0$aZoological surveys.
=653  2\$aLiving With Environmental Change
=655  \7$aDataset.$2local
=655  \7$aObservational data.$2local
=655  \7$aMonitoring data.$2local
=655  \7$aReference data.$2local
=690  7\$aResearch Datasets Collection$2blcoll
=710  2\$aCensus of Marine Life (Program)
=856  40$uhttp://www.cmarz.org/index.html$yResearch Datasets Collection
=859  \\$aXLD$bdatasets
=CAT  \\$aRESDATASET$b00$c20110825$lBLL01$h1145
=CAT  \\$a7332$b40$c20111025$lBLL01$h1504
=CAT  \\$aBATCH-UPD$b40$c20120821$lBLL01$h1643
=CAT  \\$aBATCH-UPD$b40$c20121018$lBLL01$h1009
=CAT  \\$aWR13.117$c20130718$lBLL01$h1857
=CAT  \\$aW1606-1753$c20171028$lBLL01$h1342
=FIN  \\$aY$d20111025
=FMT  \\$a  SE
=LAS  \\$aW1606-1753$b00$c20171028$lBLL01$h1342
=SRC  \\$aBLDatasets$bstm_datasets_20110825_mrc.xml
=TCO  \\$aZZZ$c008

