=LDR  02925 ai a2200661 a 4500
=001  015876826
=003  Uk
=005  20131223130957.0
=006  m\\\\\\\\m\|\\\\\\
=007  cr\|||||||||||
=008  110825c200u9999xxuuu\d\o\\\\\0\\\a2eng\\
=024  7\$astm20100630c$2local
=040  \\$aUk$beng$cUk$dUk
=042  \\$aukblsr
=082  04$a551.46$223
=245  00$aBiological and chemical oceanography database$h[electronic resource].
=246  0\$aBCO-DMO
=260  \\$aWoods Hole :$bBiological and Chemical Oceanography Data Management Office
=336  \\$atext$2rdacontent
=337  \\$acomputer$2rdamedia
=338  \\$aonline resource$2rdacarrier
=500  \\$aTitle from welcome page (viewed on Dec. 7, 2011).
=506  \\$aData are free to access.
=516  \\$atext/plain.
=520  \\$aThe BCO-DMO was formed by the data management arms of two large-scale oceanographic research projects, US JGOFS and US GLOBEC. The BCO-DMO now manages the archive of data from these and new data from projects funded by the NSF Biological and Chemical Oceanography Sections. Data includes ocean chemistry, meteorology, and physical parameters, as well as satellite imagery and biological sampling data. Information on projects, people and instruments is also available from this interface, which link to the datasets associated with that entry.
=538  \\$aMode of access: World Wide Web.
=540  \\$aNot stated.
=584  \\$aData come from specific NSF funded projects.
=584  \\$aAccepting data submissions: No.
=650  \0$aOceanography$xResearch$vDatabases.
=650  \0$aMeteorology$xResearch$vDatabases.
=650  \0$aOcean-atmosphere interaction$xResearch$vDatabases.
=653  2\$aLiving With Environmental Change
=655  \7$aDataset.$2local
=655  \7$aLongitudinal data.$2local
=655  \7$aObservational data.$2local
=655  \7$aReference data.$2local
=690  7\$aResearch Datasets Collection$2blcoll
=710  2\$aU.S. Joint Global Ocean Flux Study.
=710  2\$aGlobal Ocean Ecosystems Dynamics (Program)
=710  2\$aWoods Hole Oceanographic Institution.
=710  2\$aBiological and Chemical Oceanography Data Management Office.
=856  40$uhttp://www.bco-dmo.org/datasets$yResearch Datasets Collection
=859  \\$aXLD$bdatasets
=CAT  \\$aRESDATASET$b00$c20110825$lBLL01$h1145
=CAT  \\$a7332$b40$c20111207$lBLL01$h1307
=CAT  \\$a7332$b40$c20111207$lBLL01$h1353
=CAT  \\$a7332$b40$c20120103$lBLL01$h1532
=CAT  \\$aBATCH-UPD$b40$c20120821$lBLL01$h1643
=CAT  \\$aBATCH-UPD$b40$c20121018$lBLL01$h1010
=CAT  \\$aWR13.117$c20130718$lBLL01$h1857
=CAT  \\$a7332$b40$c20131223$lBLL01$h1309
=CAT  \\$aW1606-1753$c20171028$lBLL01$h1342
=FIN  \\$aY$d20111207
=FMT  \\$a  SE
=LAS  \\$aW1606-1753$b00$c20171028$lBLL01$h1342
=SRC  \\$aBLDatasets$bstm_datasets_20110825_mrc.xml
=TCO  \\$aZZZ$c008

