=LDR  02472 ai a2200601 a 4500
=001  015876827
=003  Uk
=005  20130927125936.0
=006  m\\\\\\\\m\|\\\\\\
=007  cr\|||||||||||
=008  110825c200u9999enkuu\d\o\\\\\0\\\a2eng\\
=024  7\$astm20100630d$2local
=040  \\$aUk$beng$cUk$dUk
=042  \\$aukblsr
=082  04$a551.465313$223
=245  00$aSir Alastair Hardy Foundation of Ocean Science.$pTemperature data$h[electronic resource].
=246  3\$aTemperature data
=260  \\$aPymouth :$bSir Alastair Hardy Foundation of Ocean Science
=336  \\$atext$2rdacontent
=337  \\$acomputer$2rdamedia
=338  \\$aonline resource$2rdacarrier
=500  \\$aTitle from home page (viewed on Dec. 7, 2011).
=506  \\$aData are free to access.
=516  \\$atext/csv.
=520  \\$aSAHFOS provides temperature data from various ship routes in the North Atlantic and North Sea. There are gaps where sensors have been unavailable. Each measurement is recorded with a geographic coordinate. The data were taken alongside a Continuous Plankton Recorder. Plankton data from this are available from SAHFOS, but not online.
=538  \\$aMode of access: World Wide Web.
=540  \\$aNot stated.
=584  \\$aData are collected by SAHFOS.
=584  \\$aAccepting data submissions: No.
=650  \0$aOcean temperature$zAtlantic Ocean$vDatabases.
=650  \0$aOceanography$zAtlantic Ocean$vDatabases.
=653  2\$aLiving With Environmental Change
=655  \7$aDataset.$2local
=655  \7$aObservational data.$2local
=655  \7$aLongitudinal data.$2local
=655  \7$aReference data.$2local
=690  7\$aResearch Datasets Collection$2blcoll
=710  2\$aSir Alastair Hardy Foundation for Ocean Science.
=856  40$uhttp://www.sahfos.ac.uk/cpr-data/data-sets/temperature-data.aspx$yResearch Datasets Collection
=859  \\$aXLD$bdatasets
=CAT  \\$aRESDATASET$b00$c20110825$lBLL01$h1145
=CAT  \\$a7332$b40$c20111207$lBLL01$h1507
=CAT  \\$a7332$b40$c20120103$lBLL01$h1315
=CAT  \\$aBATCH-UPD$b40$c20120821$lBLL01$h1643
=CAT  \\$aBATCH-UPD$b40$c20121018$lBLL01$h1010
=CAT  \\$aWR13.117$c20130718$lBLL01$h1857
=CAT  \\$a7332$b40$c20130927$lBLL01$h1259
=CAT  \\$aW1606-1753$c20171028$lBLL01$h1342
=FIN  \\$aY$d20111207
=FMT  \\$a  SE
=LAS  \\$aW1606-1753$b00$c20171028$lBLL01$h1342
=SRC  \\$aBLDatasets$bstm_datasets_20110825_mrc.xml
=TCO  \\$aZZZ$c008

