=LDR  02751 ai a2200637 a 4500
=001  015876829
=003  Uk
=005  20120103140222.0
=006  m\\\\\\\\m\|\\\\\\
=007  cr\|||||||||||
=008  110825c200u9999at\uu\d\o\\\\\0\\\a2eng\\
=024  7\$astm20100630h$2local
=040  \\$aUk$beng$cUk
=042  \\$aukblsr
=082  04$a551.46$223
=245  00$aIMOS ocean portal$h[electronic resource].
=260  \\$aCanberra :$bDept. of Innovation, Industry, Science and Research
=336  \\$atext$2rdacontent
=337  \\$acomputer$2rdamedia
=338  \\$aonline resource$2rdacarrier
=500  \\$aTitle from home page (viewed on Dec. 12, 2012).
=506  \\$aData are free to access.
=516  \\$atext/csv; text/plain.
=520  \\$aThe IMOS portal provides a geographical search interface for oceanographic data including ocean chemistry, physics, meteorology, biology and remote sensing. Data have been acquired through various methods including floating buoys, autonomous underwater vehicles (AUVs), wireless sensor networks, ocean gliders, ships of opportunity and animal tagging. Sources of data can be added as map layers then individual instruments can be selected to access their data.
=538  \\$aMode of access: World Wide Web.
=540  \\$aNot stated.
=584  \\$aData are collated by IMOS.
=650  \0$aMeteorology$xResearch$vDatabases.
=650  \0$aOcean-atmosphere interaction$xResearch$vDatabases.
=650  \0$aOceanography$xResearch$vDatabases.
=653  2\$aLiving With Environmental Change
=655  \7$aDataset.$2local
=655  \7$aObservational data.$2local
=655  \7$aLongitudinal data.$2local
=655  \7$aReference data.$2local
=690  7\$aResearch Datasets Collection$2blcoll
=710  1\$aAustralia.$bDepartment of Innovation, Industry, Science and Research.
=710  2\$aIntegrated Marine Observing System.
=710  2\$aNational Collaborative Research Infrastructure Strategy (Australia)
=856  40$uhttp://imos.aodn.org.au/webportal/$yResearch Datasets Collection
=859  \\$aXLD$bdatasets
=985  \\$aRecord amended for WR# 13/070
=CAT  \\$aRESDATASET$b00$c20110825$lBLL01$h1145
=CAT  \\$a7332$b40$c20111207$lBLL01$h1356
=CAT  \\$a7332$b40$c20111207$lBLL01$h1359
=CAT  \\$a7332$b40$c20120103$lBLL01$h1402
=CAT  \\$aBATCH-UPD$b40$c20120821$lBLL01$h1643
=CAT  \\$aBATCH-UPD$b40$c20121018$lBLL01$h1009
=CAT  \\$aWR13_070$b00$c20130504$lBLL01$h0333
=CAT  \\$aWR13.117$c20130718$lBLL01$h1857
=CAT  \\$aW1606-1753$c20171028$lBLL01$h1342
=FIN  \\$aY$d20111207
=FMT  \\$a  SE
=LAS  \\$aW1606-1753$b00$c20171028$lBLL01$h1342
=SRC  \\$aBLDatasets$bstm_datasets_20110825_mrc.xml
=TCO  \\$aZZZ$c008

