=LDR  02472 ai a2200577 a 4500
=001  015876830
=003  Uk
=005  20120103140853.0
=006  m\\\\\\\\m\|\\\\\\
=007  cr\|||||||||||
=008  110825c200u9999xxuuu\d\o\\\\\0\\\a2eng\\
=024  7\$astm20100701b$2local
=040  \\$aUk$beng$cUk
=042  \\$aukblsr
=082  04$a578.620973$223
=245  00$aNational Institute of Invasive Species Science Data$h[electronic resource].
=260  \\$aFort Collins :$bColorado State University
=336  \\$atext$2rdacontent
=337  \\$acomputer$2rdamedia
=338  \\$aonline resource$2rdacarrier
=500  \\$aTitle from home page (viewed on Dec. 7, 2011).
=506  \\$aUsers must register to access data.
=516  \\$ashapefile; text/csv; text/plain.
=520  \\$aNIISS provides data on invasive species in the United States. Observations of alien species can be viewed using a map viewer on the site. Users must register to download data. Searches can be performed by species, location or project. Filtered data can be downloaded in CSV and plain text files. Data can also be downloaded in ESRI shapefiles.
=522  \\$aUnited States.
=538  \\$aMode of access: World Wide Web.
=540  \\$aNot stated.
=584  \\$aData is submitted by species recording projects.
=584  \\$aAccepting data submissions: Yes.
=650  \0$aIntroduced organisms$zUnited States$vDatabases.
=650  \0$aIntroduced organisms$xGeographical distribution$zUnited States$vDatabases.
=653  2\$aLiving With Environmental Change
=655  \7$aDataset.$2local
=655  \7$aObservational data.$2local
=655  \7$aReference data.$2local
=690  7\$aResearch Datasets Collection$2blcoll
=710  2\$aNational Institute of Invasive Species Science (United States)
=856  40$uhttp://ibis-live.nrel.colostate.edu/cwis438/Browse/BrowseData.php?WebSiteID=1$yResearch Datasets Collection
=859  \\$aXLD$bdatasets
=CAT  \\$aRESDATASET$b00$c20110825$lBLL01$h1145
=CAT  \\$a7332$b40$c20111207$lBLL01$h1324
=CAT  \\$a7332$b40$c20120103$lBLL01$h1408
=CAT  \\$aBATCH-UPD$b40$c20120821$lBLL01$h1643
=CAT  \\$aBATCH-UPD$b40$c20121018$lBLL01$h1010
=CAT  \\$aWR13.117$c20130718$lBLL01$h1857
=CAT  \\$aW1606-1753$c20171028$lBLL01$h1342
=FIN  \\$aY$d20111207
=FMT  \\$a  SE
=LAS  \\$aW1606-1753$b00$c20171028$lBLL01$h1342
=SRC  \\$aBLDatasets$bstm_datasets_20110825_mrc.xml
=TCO  \\$aZZZ$c008

