=LDR  02596 ai a2200613 a 4500
=001  015876831
=003  Uk
=005  20111027113528.0
=006  m\\\\\\\\m\|\\\\\\
=007  cr\|||||||||||
=008  110825c200u9999xxuuu\d\o\\\\\0\\\a2eng\\
=024  7\$astm20100701c$2local
=040  \\$aUk$beng$cUk
=042  \\$aukblsr
=082  04$a363.78$223
=245  00$aNational ballast information clearinghouse$h[electronic resource].
=246  3\$aNBIC
=260  \\$aEdgewater :$bSmithsonian Environmental Research Center
=336  \\$atext$2rdacontent
=337  \\$acomputer$2rdamedia
=338  \\$aonline resource$2rdacarrier
=500  \\$aTitle from home page (viewed on Oct. 26, 2011).
=506  \\$aData are free to access.
=516  \\$atext/csv; text/html.
=520  \\$aNBIC provides data on ballast water activities of commercial ships in U.S. waters. Ballast water reports must be submitted by those responsible for the vessels under U.S. law. The data is important for investigating the effect of ballast water discharge on the spread of marine invasive species. Data can be queried by state and date, with detailed information available by port.
=522  \\$aUnited States.
=538  \\$aMode of access: World Wide Web.
=540  \\$aNot stated.
=584  \\$aData is submitted by commercial vessels under Federal law.
=584  \\$aAccepting data submissions: Yes.
=650  \0$aBallast (Ships)$xEnvironmental aspects$zUnited States$vDatabases.
=650  \0$aDischarge of ballast water$xEnvironmental aspects$zUnited States$vDatabases.
=650  \0$aNonindigenous aquatic pests$xControl$zUnited States$vDatabases.
=653  2\$aLiving With Environmental Change
=655  \7$aDataset.$2local
=655  \7$aMonitoring data.$2local
=655  \7$aLongitudinal data.$2local
=655  \7$aReference data.$2local
=690  7\$aResearch Datasets Collection$2blcoll
=710  1\$aUnited States.$bCoast Guard.
=710  2\$aSmithsonian Environmental Research Center.
=856  40$uhttp://invasions.si.edu/nbic/search.html$yResearch Datasets Collection
=859  \\$aXLD$bdatasets
=CAT  \\$aRESDATASET$b00$c20110825$lBLL01$h1145
=CAT  \\$a7332$b40$c20111027$lBLL01$h1135
=CAT  \\$aBATCH-UPD$b40$c20120821$lBLL01$h1643
=CAT  \\$aBATCH-UPD$b40$c20121018$lBLL01$h1010
=CAT  \\$aWR13.117$c20130718$lBLL01$h1857
=CAT  \\$aW1606-1753$c20171028$lBLL01$h1342
=FIN  \\$aY$d20111026
=FMT  \\$a  SE
=LAS  \\$aW1606-1753$b00$c20171028$lBLL01$h1342
=SRC  \\$aBLDatasets$bstm_datasets_20110825_mrc.xml
=TCO  \\$aZZZ$c008

