=LDR  02413 ai a2200589 a 4500
=001  015876832
=003  Uk
=005  20110923091445.0
=006  m\\\\\\\\m\|\\\\\\
=007  cr\|||||||||||
=008  110825c200u9999xxuuu\d\o\\\\\0\\\a2eng\\
=024  7\$astm20100701d$2local
=040  \\$aUk$beng$cUk
=042  \\$aukblsr
=082  04$a578.620973$223
=245  00$aNonindigenous aquatic species$h[electronic resource].
=246  3\$aNAS
=260  \\$bUnited States Geological Survey (USGS)
=336  \\$atext$2rdacontent
=337  \\$acomputer$2rdamedia
=338  \\$aonline resource$2rdacarrier
=500  \\$aTitle from home page (viewed on Sept. 23, 2011).
=506  \\$aData are free to access.
=516  \\$atext/html.
=520  \\$aNAS provides data on aquatic invasive species in the United States. The location of observations of invasive species can be queried by state, drainage (catchment) area, or species. Collection info will list when and where a specimen of a species was collected. Collected specimens can be displayed on a point map.
=522  \\$aUnited States.
=538  \\$aMode of access: World Wide Web.
=540  \\$aNot stated.
=584  \\$aData are submitted by researchers, field biologists, fishermen, and others involved in activities in the aquatic environment.
=650  \0$aNonindigenous aquatic pests$zUnited States$vDatabases.
=650  \0$aPest introduction$zUnited States$vDatabases.
=650  \0$aPlant introduction$zUnited States$vDatabases.
=650  \0$aAnimal introduction$zUnited States$vDatabases.
=653  2\$aLiving With Environmental Change
=655  \7$aDataset.$2local
=655  \7$aMonitoring data.$2local
=655  \7$aReference data.$2local
=690  7\$aResearch Datasets Collection$2blcoll
=710  2\$aGeological Survey (U.S.)
=856  40$uhttp://nas.er.usgs.gov/queries/default.aspx$yResearch Datasets Collection
=859  \\$aXLD$bdatasets
=CAT  \\$aRESDATASET$b00$c20110825$lBLL01$h1145
=CAT  \\$a7332$b40$c20110923$lBLL01$h0914
=CAT  \\$aBATCH-UPD$b40$c20120821$lBLL01$h1643
=CAT  \\$aBATCH-UPD$b40$c20121018$lBLL01$h1009
=CAT  \\$aWR13.117$c20130718$lBLL01$h1857
=CAT  \\$aW1606-1753$c20171028$lBLL01$h1342
=FIN  \\$aY$d20110923
=FMT  \\$a  SE
=LAS  \\$aW1606-1753$b00$c20171028$lBLL01$h1342
=SRC  \\$aBLDatasets$bstm_datasets_20110825_mrc.xml
=TCO  \\$aZZZ$c008

