=LDR  02544 ai a2200613 a 4500
=001  015876833
=003  Uk
=005  20111027113853.0
=006  m\\\\\\\\m\|\\\\\\
=007  cr\|||||||||||
=008  110825c200u9999xxuuu\d\o\\\\\0\\\a2eng\\
=024  7\$astm20100701e$2local
=040  \\$aUk$beng$cUk
=042  \\$aukblsr
=082  04$a591.77$223
=245  00$aNational benthic inventory$h[electronic resource].
=246  3\$aNBI
=246  3\$aNOAA national benthic inventory
=260  \\$aWashington, D.C. :$bNational Oceanic and Atmospheric Administration
=336  \\$atext$2rdacontent
=337  \\$acomputer$2rdamedia
=338  \\$aonline resource$2rdacarrier
=500  \\$aTitle from home page (viewed on Oct. 26, 2011).
=506  \\$aData are free to access.
=516  \\$atext/plain; text/xml; text/html.
=520  \\$aThe NBI provides data from studies of benthic (bottom-dwelling) marine species abundance on the U.S. coast. Data can be accessed via a location, species or dataset search. Parameters include date and location of sample, density of each species in the sample and salinity at time of sampling.
=522  \\$aUnited States.
=538  \\$aMode of access: World Wide Web.
=540  \\$aNot stated.
=584  \\$aData are collected by NOAA and partner institutions.
=650  \0$aBenthic animals$zUnited States$vIdentification$vDatabases.
=650  \0$aBenthic animals$zUnited States$xGeographical distribution$vDatabases.
=653  2\$aLiving With Environmental Change
=655  \7$aDataset.$2local
=655  \7$aObservational data.$2local
=655  \7$aMonitoring data.$2local
=655  \7$aReference data.$2local
=690  7\$aResearch Datasets Collection$2blcoll
=710  1\$aUnited States.$bNational Oceanic and Atmospheric Administration.
=710  2\$aCenter for Coastal Environmental Health and Biomolecular Research (U.S.)
=710  2\$aNational Centers for Coastal Ocean Science (U.S.)
=856  40$uhttp://www.nbi.noaa.gov/default.aspx$yResearch Datasets Collection
=859  \\$aXLD$bdatasets
=CAT  \\$aRESDATASET$b00$c20110825$lBLL01$h1145
=CAT  \\$a7332$b40$c20111027$lBLL01$h1138
=CAT  \\$aBATCH-UPD$b40$c20120821$lBLL01$h1643
=CAT  \\$aBATCH-UPD$b40$c20121018$lBLL01$h1010
=CAT  \\$aWR13.117$c20130718$lBLL01$h1857
=CAT  \\$aW1606-1753$c20171028$lBLL01$h1342
=FIN  \\$aY$d20111026
=FMT  \\$a  SE
=LAS  \\$aW1606-1753$b00$c20171028$lBLL01$h1342
=SRC  \\$aBLDatasets$bstm_datasets_20110825_mrc.xml
=TCO  \\$aZZZ$c008

