=LDR  03266 ai a2200577 a 4500
=001  015876835
=003  Uk
=005  20140319104817.0
=006  m\\\\\\\\m\|\\\\\\
=007  cr\|||||||||||
=008  110825c20079999xxuuu\d\o\\\\\0\\\a2eng\\
=024  7\$astm20100702b$2local
=040  \\$aUk$beng$cUk
=042  \\$aukblsr
=082  04$a599.097$223
=245  00$aDigital distribution maps of the mammals of the western hemisphere$h[electronic resource].
=260  \\$aArlington :$bNatureServe,$c2007-
=336  \\$atext$2rdacontent
=337  \\$acomputer$2rdamedia
=338  \\$aonline resource$2rdacarrier
=500  \\$aTitle from home page (viewed on Dec. 2, 2011).
=506  \\$aData are free to access.
=516  \\$ashapefile.
=520  \\$aThis dataset contains distribution information for all land mammals occurring in the Western Hemisphere. The information is intended to inform conservation and other land use decisions. A Memorandum of Understanding signed by NatureServe (f/k/a Association for Biodiversity Information), The Nature Conservancy/Migratory Bird Program, Conservation International/CABS, World Wildlife Fund-US, and Environment Canada, governed the initial development and guidelines for sharing of these data. The MOU expired in 2003, but NatureServe continues to maintain the data largely in the spirit of the original MOU. The ArcView shape files contain the known range of each species. Ranges may be depicted as polygons where a species is widespread, as points where there are isolated records, or both. Not all vagrant occurrences are depicted, especially those in the US and Canada. The files are arranged in folders by family. The data were last updated in 2007.
=538  \\$aMode of access: World Wide Web.
=540  \\$aCompilation ©2010 NatureServe. All Rights Reserved. NatureServe grants to the public a non-exclusive, irrevocable, royalty-free license to reproduce, translate, publish and use these data for non-commercial purposes.
=584  \\$aData were extracted from the literature.
=584  \\$aAccepting data submissions: No.
=650  \0$aMammals$zWestern Hemisphere$vDatabases.
=650  \0$aMammal populations$zWestern Hemisphere$vDatabases.
=650  \0$aMammals$zWestern Hemisphere$xGeographical distribution$vMaps$vDatabases.
=653  2\$aLiving With Environmental Change
=655  \7$aDataset.$2local
=655  \7$aReference data.$2local
=655  \7$aMonitoring data.$2local
=690  7\$aResearch Datasets Collection$2blcoll
=710  2\$aNatureServe (Program)
=856  40$uhttp://www.natureserve.org/conservation-tools/data-maps-tools/digital-distribution-maps-mammals-western-hemisphere$yResearch Datasets Collection
=859  \\$aXLD$bdatasets
=CAT  \\$aRESDATASET$b00$c20110825$lBLL01$h1145
=CAT  \\$a7332$b40$c20111202$lBLL01$h1039
=CAT  \\$aBATCH-UPD$b40$c20120821$lBLL01$h1643
=CAT  \\$aBATCH-UPD$b40$c20121018$lBLL01$h1009
=CAT  \\$aWR13.117$c20130718$lBLL01$h1857
=CAT  \\$a7332$b40$c20140319$lBLL01$h1048
=CAT  \\$aW1606-1753$c20171028$lBLL01$h1342
=FIN  \\$aY$d20111202
=FMT  \\$a  SE
=LAS  \\$aW1606-1753$b00$c20171028$lBLL01$h1342
=SRC  \\$aBLDatasets$bstm_datasets_20110825_mrc.xml
=TCO  \\$aZZZ$c008

