=LDR  02614 ai a2200601 a 4500
=001  015876836
=003  Uk
=005  20140319105205.0
=006  m\\\\\\\\m\|\\\\\\
=007  cr\|||||||||||
=008  110825c200u9999xxuuu\d\o\\\\\0\\\a2eng\\
=024  7\$astm20100702c$2local
=040  \\$aUk$beng$cUk
=042  \\$aukblsr
=082  04$a597.0973$223
=245  00$aDistribution of native U.S. fishes by watershed$h[electronic resource].
=260  \\$aArlington :$bNatureServe
=336  \\$atext$2rdacontent
=337  \\$acomputer$2rdamedia
=338  \\$aonline resource$2rdacarrier
=500  \\$aTitle from home page (viewed on Dec. 3, 2011).
=506  \\$aData are free to access.
=516  \\$ageodatabase; GIS shapefile.
=520  \\$aThis resource provides current and historic distribution information for U.S. native freshwater fish, excluding Alaska and Hawaii. Data is identified by watersheds as defined by the US Geological survey (2064 units across 48 states). Maps can be downloaded as a geodatabase or in GIS shapefiles
=522  \\$aUnited States.
=538  \\$aMode of access: World Wide Web.
=540  \\$aDatasets © NatureServe 2004. NatureServe grants to the public a non-exclusive, royalty-free license to download and use these data for non-commercial, educational purposes.
=584  \\$aData were extracted from the literature.
=584  \\$aAccepting data submissions: No.
=650  \0$aFishes$zUnited States$vDatabases.
=650  \0$aFish populations$zUnited States$vDatabases.
=650  \0$aFishes$zUnited States$xGeographical distribution$vMaps$vDatabases.
=653  2\$aLiving With Environmental Change
=655  \7$aDataset.$2local
=655  \7$aObservational data.$2local
=655  \7$aReference data.$2local
=690  7\$aResearch Datasets Collection$2blcoll
=710  2\$aNatureServe (Program)
=856  40$uhttp://www.natureserve.org/conservation-tools/data-maps-tools/digital-distribution-native-us-fishes-watershed$yResearch Datasets Collection
=859  \\$aXLD$bdatasets
=CAT  \\$aRESDATASET$b00$c20110825$lBLL01$h1145
=CAT  \\$a7332$b40$c20111203$lBLL01$h0641
=CAT  \\$aBATCH-UPD$b40$c20120821$lBLL01$h1643
=CAT  \\$aBATCH-UPD$b40$c20121018$lBLL01$h1010
=CAT  \\$aWR13.117$c20130718$lBLL01$h1857
=CAT  \\$a7332$b40$c20140319$lBLL01$h1051
=CAT  \\$a7332$b40$c20140319$lBLL01$h1052
=CAT  \\$aW1606-1753$c20171028$lBLL01$h1342
=FIN  \\$aY$d20111203
=FMT  \\$a  SE
=LAS  \\$aW1606-1753$b00$c20171028$lBLL01$h1342
=SRC  \\$aBLDatasets$bstm_datasets_20110825_mrc.xml
=TCO  \\$aZZZ$c008

