=LDR  02546 ai a2200601 a 4500
=001  015876837
=003  Uk
=005  20140319105426.0
=006  m\\\\\\\\m\|\\\\\\
=007  cr\|||||||||||
=008  110825c200u9999xxuuu\d\o\\\\\0\\\a2eng\\
=024  7\$astm20100702d$2local
=040  \\$aUk$beng$cUk$dUk
=042  \\$aukblsr
=082  04$a578.097$223
=245  00$aDigital distribution maps of important pollinator species$h[electronic resource].
=260  \\$aArlington :$bNatureServe
=336  \\$atext$2rdacontent
=337  \\$acomputer$2rdamedia
=338  \\$aonline resource$2rdacarrier
=500  \\$aTitle from home page (viewed on Dec. 2, 2011).
=506  \\$aData are free to access.
=516  \\$ashapefile.
=520  \\$aThis resource provides geographic distribution data on 5 important undomesticated U.S. pollinator species: Anna's Hummingbird (Calypte anna); Eastern Tiger Swallowtail (Papilio glaucus); Hermit Sphinx (Lintneria eremitus); Rusty-patched Bumble Bee (Bombus affinis) and the Southeastern Blueberry Bee (Habropoda laboriosa). These are provided in shapefile format.
=522  \\$aUnited States.
=538  \\$aMode of access: World Wide Web.
=540  \\$aNot stated.
=584  \\$aData were extracted from the literature and other biodiversity data resources.
=584  \\$aAccepting data submissions: No.
=650  \0$aPollinators$zWestern Hemisphere$vDatabases.
=650  \0$aPollinators$zWestern Hemisphere$xGeographical distribution$vMaps$vDatabases.
=653  2\$aLiving With Environmental Change
=653  2\$aFood security
=655  \7$aDataset.$2local
=655  \7$aObservational data.$2local
=655  \7$aReference data.$2local
=690  7\$aResearch Datasets Collection$2blcoll
=710  2\$aNatureServe (Program)
=856  40$uhttp://www.natureserve.org/conservation-tools/data-maps-tools/digital-maps-distribution-five-pollinator-species$yResearch Datasets Collection
=859  \\$aXLD$bdatasets
=CAT  \\$aRESDATASET$b00$c20110825$lBLL01$h1145
=CAT  \\$a7332$b40$c20111202$lBLL01$h1107
=CAT  \\$aBATCH-UPD$b40$c20120821$lBLL01$h1643
=CAT  \\$aBATCH-UPD$b40$c20121018$lBLL01$h1010
=CAT  \\$aWR13.117$c20130718$lBLL01$h1857
=CAT  \\$a7332$b40$c20130927$lBLL01$h1303
=CAT  \\$a7332$b40$c20140319$lBLL01$h1054
=CAT  \\$aW1606-1753$c20171028$lBLL01$h1342
=FIN  \\$aY$d20111202
=FMT  \\$a  SE
=LAS  \\$aW1606-1753$b00$c20171028$lBLL01$h1342
=SRC  \\$aBLDatasets$bstm_datasets_20110825_mrc.xml
=TCO  \\$aZZZ$c008

