=LDR  03309 ai a2200637 a 4500
=001  015876838
=003  Uk
=005  20111203063136.0
=006  m\\\\\\\\m\|\\\\\\
=007  cr\|||||||||||
=008  110825c200u9999enkuu\d\o\\\\\0\\\a2eng\\
=024  7\$astm20100702e$2local
=040  \\$aUk$beng$cUk
=042  \\$aukblsr
=082  04$a333.9522$223
=245  00$aSpatial data download$h[electronic resource] :$bthe IUCN red list of threatened species.
=246  3\$aIUCN red list of threatened species
=246  3\$aRed list
=260  \\$aCambridge :$bInternational Union for Conservation of Nature and Natural Resources
=336  \\$atext$2rdacontent
=337  \\$acomputer$2rdamedia
=338  \\$aonline resource$2rdacarrier
=500  \\$aTitle from home page (viewed on Dec. 3, 2011).
=506  \\$aData are free to access.
=516  \\$ashapefile; application/dbf.
=520  \\$aThis dataset contains distribution information for 20,000 of the 45,000 species assessed for The IUCN Red List of Threatened Species. This includes all amphibians, mammals, threatened birds and reef-building corals. Some species listed as Data Deficient are not mapped. The maps are developed as part of a comprehensive assessment of global biodiversity in order to highlight taxa threatened with extinction, and thereby promote their conservation. These data are made freely available to the public to help inform conservation planning and other decision making processes. The data are held in shapefiles, the ESRI native format and contain the known range (as a polygon) of each species. DBF files accompanying each polygon contain taxonomic information, and contain information on distribution status, sources and other details about the maps.
=538  \\$aMode of access: World Wide Web.
=540  \\$aNot stated.
=584  \\$aData are gathered by IUCN from various sources.
=584  \\$aAccepting data submissions: No.
=650  \0$aEndangered species$xGeographical distribution$vDatabases.
=650  \0$aEndangered plants$xGeographical distribution$vDatabases.
=650  \0$aRare animals$xGeographical distribution$vDatabases.
=650  \0$aRare plants$xGeographical distribution$vDatabases.
=650  \0$aExtinct animals$xGeographical distribution$vDatabases.
=650  \0$aExtinct plants$xGeographical distribution$vDatabases.
=650  \0$aWildlife conservation$vDatabases.
=653  2\$aiving With Environmental Change
=655  \7$aDataset.$2local
=655  \7$aReference data.$2local
=655  \7$aMonitoring data.$2local
=690  7\$aResearch Datasets Collection$2blcoll
=710  2\$aInternational Union for Conservation of Nature and Natural Resources.
=856  40$uhttp://www.iucnredlist.org/technical-documents/spatial-data$yResearch Datasets Collection
=859  \\$aXLD$bdatasets
=CAT  \\$aRESDATASET$b00$c20110825$lBLL01$h1145
=CAT  \\$a7332$b40$c20111203$lBLL01$h0631
=CAT  \\$aBATCH-UPD$b40$c20120821$lBLL01$h1643
=CAT  \\$aBATCH-UPD$b40$c20121018$lBLL01$h1010
=CAT  \\$aWR13.117$c20130718$lBLL01$h1857
=CAT  \\$aW1606-1753$c20171028$lBLL01$h1342
=FIN  \\$aY$d20111203
=FMT  \\$a  SE
=LAS  \\$aW1606-1753$b00$c20171028$lBLL01$h1342
=SRC  \\$aBLDatasets$bstm_datasets_20110825_mrc.xml
=TCO  \\$aZZZ$c008

