=LDR  02960 ai a2200601 a 4500
=001  015876839
=003  Uk
=005  20120228112935.0
=006  m\\\\\\\\m\|\\\\\\
=007  cr\|||||||||||
=008  110825c200u9999sa\uu\d\o\\\\\0\\\a2eng\\
=024  7\$astm20100706a$2local
=040  \\$aUk$beng$cUk
=042  \\$aukblsr
=082  04$a578.62$223
=245  00$aInvasive alien species indicator database$h[electronic resource].
=246  0\$aIASI Database
=260  \\$aStellenbosch :$bStellenbosch University
=336  \\$atext$2rdacontent
=337  \\$acomputer$2rdamedia
=338  \\$aonline resource$2rdacarrier
=500  \\$aTitle from home page (viewed on Jan. 25, 2012).
=506  \\$aUsers must register to access data.
=510  3\$uhttp://dx.doi.org/10.1111/j.1472-4642.2009.00633.x
=516  \\$atext/html.
=520  \\$aThis database was compiled while populating the global indicator of biological invasion used to report on the progress of signatory parties in meeting the Convention on Biological Diversity's (CBD) 2010 Biodiversity Target. The database contains a list of documented invasive alien species (IAS) present in a stratified random sample of countries signatory to the CBD (57 countries, ~30% of participating countries) and aims to gauge the extent of the threat (pressure) that IAS pose to biodiversity on a global and national level. For the purpose of indicator development, an invasive alien species in this database is defined as 'a species outside of its [indigenous geographic] range whose introduction and/or spread threatens biodiversity'. Information is by species and country, indicating its indigenous range and the global and national threat it poses.
=538  \\$aMode of access: World Wide Web.
=540  \\$aNot stated.
=584  \\$aData are collated from biodiversity reports.
=584  \\$aAccepting data submissions: No.
=650  \0$aIntroduced organisms$vDatabases.
=650  \0$aNonindigenous pests$vDatabases.
=653  2\$aLiving With Environmental Change
=655  \7$aDataset.$2local
=655  \7$aReference data.$2local
=655  \7$aMonitoring data.$2local
=690  7\$aResearch Datasets Collection$2blcoll
=710  2\$aGlobal Invasive Species Programme.
=710  2\$aDST-NRF Centre of Excellence for Invasion Biology.
=856  40$uhttp://academic.sun.ac.za/iasi/login.asp$yResearch Datasets Collection
=859  \\$aXLD$bdatasets
=CAT  \\$aRESDATASET$b00$c20110825$lBLL01$h1145
=CAT  \\$a7332$b40$c20120125$lBLL01$h0738
=CAT  \\$a7332$b40$c20120228$lBLL01$h1129
=CAT  \\$aBATCH-UPD$b40$c20120821$lBLL01$h1643
=CAT  \\$aBATCH-UPD$b40$c20121018$lBLL01$h1009
=CAT  \\$aWR13.117$c20130718$lBLL01$h1857
=CAT  \\$aW1606-1753$c20171028$lBLL01$h1342
=FIN  \\$aY$d20120125
=FMT  \\$a  SE
=LAS  \\$aW1606-1753$b00$c20171028$lBLL01$h1342
=SRC  \\$aBLDatasets$bstm_datasets_20110825_mrc.xml
=TCO  \\$aZZZ$c008

