=LDR  02332 ai a2200589 a 4500
=001  015876840
=003  Uk
=005  20111206080749.0
=006  m\\\\\\\\m\|\\\\\\
=007  cr\|||||||||||
=008  110825c200u9999xxuuu\d\o\\\\\0\\\a2eng\\
=024  7\$astm20100702f$2local
=040  \\$aUk$beng$cUk
=042  \\$aukblsr
=082  04$a578.6209774$223
=245  00$aInvasive species mapping in Michigan$h[electronic resource] :$bdata downloads.
=260  \\$aAnn Arbor :$bGreat Lakes Information Network
=336  \\$atext$2rdacontent
=337  \\$acomputer$2rdamedia
=338  \\$aonline resource$2rdacarrier
=500  \\$aTitle from home page (viewed on Dec. 3, 2011).
=506  \\$aData are free to access.
=516  \\$ashapefile; application/dbf.
=520  \\$aThe GLIN provides GIS data showing the distribution of 6 invasive aquatic species in Michigan: Round Goby; Ruffe Purple; Loosestrife; Sea Lamprey; Zebra Mussel and Quagga Mussel. Data is available as GIS shapefiles and as DBF files that can be opened in Excel.
=522  \\$aMichigan.
=538  \\$aMode of access: World Wide Web.
=540  \\$aNot stated.
=584  \\$aData were contributed by members of GLIN.
=584  \\$aAccepting data submissions: No.
=650  \0$aIntroduced organisms$zMichigan$vDatabases.
=650  \0$aNonindigenous aquatic pests$zMichigan$vDatabases.
=653  2\$aLiving With Environmental Change
=655  \7$aDataset.$2local
=655  \7$aObservational data.$2local
=655  \7$aMonitoring data.$2local
=655  \7$aReference data.$2local
=690  7\$aResearch Datasets Collection$2blcoll
=710  2\$aGreat Lakes Information Network.
=856  40$uhttp://www.great-lakes.net/envt/flora-fauna/invasive/data.html$yResearch Datasets Collection
=859  \\$aXLD$bdatasets
=CAT  \\$aRESDATASET$b00$c20110825$lBLL01$h1145
=CAT  \\$a7332$b40$c20111203$lBLL01$h0718
=CAT  \\$a7332$b40$c20111206$lBLL01$h0807
=CAT  \\$aBATCH-UPD$b40$c20120821$lBLL01$h1643
=CAT  \\$aBATCH-UPD$b40$c20121018$lBLL01$h1009
=CAT  \\$aWR13.117$c20130718$lBLL01$h1857
=CAT  \\$aW1606-1753$c20171028$lBLL01$h1342
=FIN  \\$aY$d20111203
=FMT  \\$a  SE
=LAS  \\$aW1606-1753$b00$c20171028$lBLL01$h1342
=SRC  \\$aBLDatasets$bstm_datasets_20110825_mrc.xml
=TCO  \\$aZZZ$c008

