=LDR  02265 ai a2200613 a 4500
=001  015876841
=003  Uk
=005  20111027124822.0
=006  m\\\\\\\\m\|\\\\\\
=007  cr\|||||||||||
=008  110825c200u9999xxuuu\d\o\\\\\0\\\a2eng\\
=024  7\$astm20100804n$2local
=040  \\$aUk$beng$cUk
=042  \\$aukblsr
=082  04$a581.6209759$223
=245  00$aFlorida invasive plants geodatabase$h[electronic resource].
=246  3\$aFLInv
=260  \\$bFlorida Natural Areas Inventory
=310  \\$aQuarterly
=336  \\$atext$2rdacontent
=337  \\$acomputer$2rdamedia
=338  \\$aonline resource$2rdacarrier
=500  \\$aTitle from home page (viewed on Oct. 26, 2011).
=506  \\$aData are free to access.
=516  \\$ashapefile.
=520  \\$aProvides spatial data on invasive plant species on public conservation lands in the state of Florida. Data can also be visualised using the iMapInvasives tool. The geodatabase is in ArcGIS format.
=522  \\$aFlorida.
=538  \\$aMode of access: World Wide Web.
=540  \\$aNot stated.
=584  \\$aData are collected by the FNAI or submitted by researchers.
=584  \\$aAccepting data submissions: Yes.
=650  \0$aInvasive plants$zFlorida$vDatabases.
=650  \0$aInvasive plants$zFlorida$xGeographical distribution$vDatabases.
=653  2\$aLiving With Environmental Change
=655  \7$aDataset.$2local
=655  \7$aObservational data.$2local
=655  \7$aMonitoring data.$2local
=655  \7$aReference data.$2local
=690  7\$aResearch Datasets Collection$2blcoll
=710  2\$aFlorida Natural Areas Inventory.
=710  2\$aFlorida State University.
=856  40$uhttp://www.fnai.org/invasivespecies.cfm$yResearch Datasets Collection
=859  \\$aXLD$bdatasets
=CAT  \\$aRESDATASET$b00$c20110825$lBLL01$h1145
=CAT  \\$a7332$b40$c20111027$lBLL01$h1248
=CAT  \\$aBATCH-UPD$b40$c20120821$lBLL01$h1643
=CAT  \\$aBATCH-UPD$b40$c20121018$lBLL01$h1009
=CAT  \\$aWR13.117$c20130718$lBLL01$h1857
=CAT  \\$aW1606-1753$c20171028$lBLL01$h1342
=FIN  \\$aY$d20111027
=FMT  \\$a  SE
=LAS  \\$aW1606-1753$b00$c20171028$lBLL01$h1342
=SRC  \\$aBLDatasets$bstm_datasets_20110825_mrc.xml
=TCO  \\$aZZZ$c008

