=LDR  02706 ai a2200613 a 4500
=001  015876843
=003  Uk
=005  20111206085354.0
=006  m\\\\\\\\m\|\\\\\\
=007  cr\|||||||||||
=008  110825c200u9999bh\uu\d\o\\\\\0\\\a2eng\\
=024  7\$astm20100706b$2local
=040  \\$aUk$beng$cUk
=042  \\$aukblsr
=082  04$a577.097282$223
=245  00$aBiodiversity & environmental resource data system of Belize$h[electronic resource].
=246  3\$aBiodiversity and environmental resource data system of Belize
=246  3\$aBERDS
=260  \\$aBelmopan, Belize :$bBiodiversity and Environmental Resource Data System of Belize
=336  \\$atext$2rdacontent
=337  \\$acomputer$2rdamedia
=338  \\$aonline resource$2rdacarrier
=500  \\$aTitle from home page (viewed on Nov. 25, 2011).
=506  \\$aData are free to access.
=516  \\$aapplication/vnd.google-earth.kml+xml; shapefile; application/pdf; application/msexcel.
=520  \\$aBERDS provides data on the environment and biodiversity of Belize. This links explicitly to the datasets held by BERDS, but BERDS also provides information on Belizean watersheds, species collections and inventories, protected areas and conservation activities. A map explorer is provided to visualise data resources online, the majority of data available is spatial data. Users who register to submit data may have access to a larger number of datasets.
=522  \\$aBelize.
=538  \\$aMode of access: World Wide Web.
=540  \\$aNot stated.
=584  \\$aData are submitted to the data system by researchers.
=584  \\$aAccepting data submissions: Yes.
=650  \0$aBiodiversity$zBelize$vDatabases.
=650  \0$aEcology$zBelize$vDatabases.
=653  2\$aLiving With Environmental Change
=655  \7$aDataset.$2local
=655  \7$aMonitoring data.$2local
=655  \7$aObservational data.$2local
=655  \7$aReference data.$2local
=690  7\$aResearch Datasets Collection$2blcoll
=710  2\$aBelize Tropical Forest Studies (Organization)
=856  40$uhttp://www.biodiversity.bz/find/resource/dataset/$yResearch Datasets Collection
=859  \\$aXLD$bdatasets
=CAT  \\$aRESDATASET$b00$c20110825$lBLL01$h1145
=CAT  \\$a7332$b40$c20111125$lBLL01$h1015
=CAT  \\$a7332$b40$c20111206$lBLL01$h0853
=CAT  \\$aBATCH-UPD$b40$c20120821$lBLL01$h1643
=CAT  \\$aBATCH-UPD$b40$c20121018$lBLL01$h1009
=CAT  \\$aWR13.117$c20130718$lBLL01$h1857
=CAT  \\$aW1606-1753$c20171028$lBLL01$h1342
=FIN  \\$aY$d20111125
=FMT  \\$a  SE
=LAS  \\$aW1606-1753$b00$c20171028$lBLL01$h1342
=SRC  \\$aBLDatasets$bstm_datasets_20110825_mrc.xml
=TCO  \\$aZZZ$c008

