=LDR  02564 ai a2200565 a 4500
=001  015876844
=003  Uk
=005  20130425084401.0
=006  m\\\\\\\\m\|\\\\\\
=007  cr\|||||||||||
=008  110825c200u9999xxuuu\d\o\\\\\0\\\a2eng\\
=024  7\$astm20100706c$2local
=040  \\$aUk$beng$cUk$dUk
=042  \\$aukblsr
=082  04$a333.7$223
=245  00$aData basin$h[electronic resource].
=260  \\$aCorvallis :$bConservation Biology Institute
=336  \\$atext$2rdacontent
=337  \\$acomputer$2rdamedia
=338  \\$aonline resource$2rdacarrier
=500  \\$aTitle from home page (viewed on Nov. 25, 2011).
=506  \\$aRegistration is required for some of the data.
=516  \\$aapplication/dbf; application/vnd.google-earth.kml+xml; shapefile.
=520  \\$aData Basin was created by the CBI to provide a place to store, publish and visualise conservation data. All datasets in the Data Basin are defined as 'spatially explicit file(s), currently ArcShape and ArcGrid files. These can be biological, physical, socioeconomic, (and soon imagery) that can be uploaded, downloaded or visualized'. CBI includes biological (e.g. vegetation cover and species observations), physical (e.g. water sheds and climate data) and socioeconomic (e.g. protected areas) data. Users must register to display data on a map, but data can be downloaded without registration.
=538  \\$aMode of access: World Wide Web.
=540  \\$aNot stated.
=584  \\$aData are submitted by researchers or created by the CBI.
=650  \0$aConservation biology$xResearch$vDatabases.
=650  \0$aBiogeography$vDatabases.
=653  2\$aLiving With Environmental Change
=655  \7$aDataset.$2local
=655  \7$aObservational data.$2local
=655  \7$aMonitoring data.$2local
=655  \7$aReference data.$2local
=690  7\$aResearch Datasets Collection$2blcoll
=710  2\$aConservation Biology Institute.
=856  40$uhttp://databasin.org/datasets/$yResearch Datasets Collection
=859  \\$aXLD$bdatasets
=CAT  \\$aRESDATASET$b00$c20110825$lBLL01$h1145
=CAT  \\$a7332$b40$c20111125$lBLL01$h1054
=CAT  \\$aBATCH-UPD$b40$c20120821$lBLL01$h1643
=CAT  \\$aBATCH-UPD$b40$c20121018$lBLL01$h1009
=CAT  \\$a7332$b40$c20130425$lBLL01$h0844
=CAT  \\$aWR13.117$c20130718$lBLL01$h1857
=CAT  \\$aW1606-1753$c20171028$lBLL01$h1342
=FIN  \\$aY$d20111125
=FMT  \\$a  SE
=LAS  \\$aW1606-1753$b00$c20171028$lBLL01$h1342
=SRC  \\$aBLDatasets$bstm_datasets_20110825_mrc.xml
=TCO  \\$aZZZ$c008

