=LDR  02562 ai a2200601 a 4500
=001  015876845
=003  Uk
=005  20111125123542.0
=006  m\\\\\\\\m\|\\\\\\
=007  cr\|||||||||||
=008  110825c200u9999at\uu\d\o\\\\\0\\\a2eng\\
=024  7\$astm20100804p$2local
=040  \\$aUk$beng$cUk
=042  \\$aukblsr
=082  04$a919.43$223
=245  00$aQueensland Government information service$h[electronic resource].
=260  \\$aBrisbane :$bQueensland Government
=336  \\$atext$2rdacontent
=337  \\$acomputer$2rdamedia
=338  \\$aonline resource$2rdacarrier
=500  \\$aTitle from home page (viewed on Nov. 25, 2011).
=506  \\$aMostly free to access, some data incur handling fees.
=516  \\$ashapefile.
=520  \\$aProvides environmental and ecological spatial data on the Australian state of Queensland. Data can be queried by area and topic, and downloaded after completing a short registration form. 53 datasets of property boundaries require payment to access. Free data includes Landsat data, management and conservation areas, catchments and drainage, monitoring networks, soil mapping, elevation and other environmental boundaries.
=522  \\$aQueensland.
=538  \\$aMode of access: World Wide Web.
=540  \\$aCopyright The State of Queensland. License for use varies with dataset.
=584  \\$aData are collated by the Queensland Government Information Service.
=584  \\$aAccepting data submissions: No.
=651  \0$aQueensland$xGeography$vDatabases.
=651  \0$aQueensland$xGeographic information systems$vDatabases.
=653  2\$aLand Use Classes.
=653  \\$aLand Cover.
=653  2\$aLiving With Environmental Change
=655  \7$aDataset.$2local
=655  \7$aMonitoring data.$2local
=655  \7$aReference data.$2local
=690  7\$aResearch Datasets Collection$2blcoll
=710  2\$aQueensland Government Information Service.
=856  40$uhttp://dds.information.qld.gov.au/DDS/Search.aspx$yResearch Datasets Collection
=859  \\$aXLD$bdatasets
=985  \\$a710 = new hdg.
=CAT  \\$aRESDATASET$b00$c20110825$lBLL01$h1145
=CAT  \\$a7332$b40$c20111125$lBLL01$h1235
=CAT  \\$aBATCH-UPD$b40$c20120821$lBLL01$h1643
=CAT  \\$aBATCH-UPD$b40$c20121018$lBLL01$h1010
=CAT  \\$aWR13.117$c20130718$lBLL01$h1857
=CAT  \\$aW1606-1753$c20171028$lBLL01$h1342
=FIN  \\$aY$d20111125
=FMT  \\$a  SE
=LAS  \\$aW1606-1753$b00$c20171028$lBLL01$h1342
=SRC  \\$aBLDatasets$bstm_datasets_20110825_mrc.xml
=TCO  \\$aZZZ$c008

