=LDR  02296 ai a2200565 a 4500
=001  015876846
=003  Uk
=005  20111104170620.0
=006  m\\\\\\\\m\|\\\\\\
=007  cr\|||||||||||
=008  110825c200u9999at\uu\d\o\\\\\0\\\a2eng\\
=024  7\$astm20100816d$2local
=040  \\$aUk$beng$cUk
=042  \\$aukblsr
=082  04$a577.0994$223
=245  00$aGeomorphic habitat datasets$h[electronic resource].
=260  \\$aCanberra :$bOzCoasts
=336  \\$atext$2rdacontent
=337  \\$acomputer$2rdamedia
=338  \\$aonline resource$2rdacarrier
=500  \\$aTitle from home page (viewed on Nov. 4, 2011).
=506  \\$aData are free to access.
=516  \\$aARCview shapefile.
=520  \\$aProvides GIS geomorphic data on Australia's habitats, by territory. Information on the data quality of each is given. They are available as ARCview shapefiles only.
=522  \\$aAustralia.
=538  \\$aMode of access: World Wide Web.
=540  \\$aAll data provided by OzCoasts constitute Commonwealth copyright. Unless otherwise noted, all material on the website, except the OzCoasts logo and any material protected by a trade mark, is licensed under Creative Commons Attribution 2.5 Australia licence.
=584  \\$aData created by OzCoasts.
=584  \\$aAccepting data submissions: No.
=650  \0$aHabitat (Ecology)$zAustralia$vDatabases.
=650  \0$aGeomorphological mapping$zAustralia$vDatabases.
=653  2\$aLiving With Environmental Change
=655  \7$aDataset.$2local
=655  \7$aReference data.$2local
=655  \7$aMonitoring data.$2local
=690  7\$aResearch Datasets Collection$2blcoll
=710  2\$aOzCoasts (Geoscience Australia)
=856  40$uhttp://www.ozcoasts.org.au/search_data/datasets.jsp$yResearch Datasets Collection
=859  \\$aXLD$bdatasets
=CAT  \\$aRESDATASET$b00$c20110825$lBLL01$h1145
=CAT  \\$a7332$b40$c20111104$lBLL01$h1706
=CAT  \\$aBATCH-UPD$b40$c20120821$lBLL01$h1643
=CAT  \\$aBATCH-UPD$b40$c20121018$lBLL01$h1010
=CAT  \\$aWR13.117$c20130718$lBLL01$h1857
=CAT  \\$aW1606-1753$c20171028$lBLL01$h1342
=FIN  \\$aY$d20111104
=FMT  \\$a  SE
=LAS  \\$aW1606-1753$b00$c20171028$lBLL01$h1342
=SRC  \\$aBLDatasets$bstm_datasets_20110825_mrc.xml
=TCO  \\$aZZZ$c008

