=LDR  02301 ai a2200589 a 4500
=001  015876847
=003  Uk
=005  20111020113108.0
=006  m\\\\\\\\m\|\\\\\\
=007  cr\|||||||||||
=008  110825c200u9999at\uu\d\o\\\\\0\\\a2eng\\
=024  7\$astm20100816e$2local
=040  \\$aUk$beng$cUk
=042  \\$aukblsr
=082  04$a577.7860994$223
=245  00$aNational land and water resources audit data$h[electronic resource].
=246  3\$aNLWRA
=260  \\$aCanberra :$bOzCoasts
=336  \\$atext$2rdacontent
=337  \\$acomputer$2rdamedia
=338  \\$aonline resource$2rdacarrier
=500  \\$aTitle from home page (viewed on Sept. 23, 2011).
=506  \\$aData are free to access.
=516  \\$atext/csv.
=520  \\$aData on Australian estuaries, including estuary location and geometry; catchment and water areas; estuary condition and classification; wave height, period, range and type; and habitat areas. These can be downloaded per territory. The data were originally collected as part of the National Land and Water Audit.
=522  \\$aAustralia.
=538  \\$aMode of access: World Wide Web.
=540  \\$aA version of Science or Creative Commons.
=584  \\$aAccepting data submissions: No.
=650  \0$aEstuaries$zAustralia$vDatabases.
=650  \0$aEstuarine ecology$zAustralia$vDatabases.
=653  2\$aLiving With Environmental Change
=655  \7$aDataset.$2local
=655  \7$aObservational data.$2local
=655  \7$aMonitoring data.$2local
=655  \7$aReference data.$2local
=690  7\$aResearch Datasets Collection$2blcoll
=710  2\$aOzCoasts (Geoscience Australia)
=856  40$uhttp://www.ozcoasts.org.au/search_data/estuary_data.jsp$yResearch Datasets Collection
=859  \\$aXLD$bdatasets
=CAT  \\$aRESDATASET$b00$c20110825$lBLL01$h1145
=CAT  \\$a7332$b40$c20110923$lBLL01$h0848
=CAT  \\$a7332$b40$c20111020$lBLL01$h1131
=CAT  \\$aBATCH-UPD$b40$c20120821$lBLL01$h1643
=CAT  \\$aBATCH-UPD$b40$c20121018$lBLL01$h1010
=CAT  \\$aWR13.117$c20130718$lBLL01$h1857
=CAT  \\$aW1606-1753$c20171028$lBLL01$h1342
=FIN  \\$aY$d20110923
=FMT  \\$a  SE
=LAS  \\$aW1606-1753$b00$c20171028$lBLL01$h1342
=SRC  \\$aBLDatasets$bstm_datasets_20110825_mrc.xml
=TCO  \\$aZZZ$c008

