=LDR  02408 ai a2200613 a 4500
=001  015876848
=003  Uk
=005  20111130131238.0
=006  m\\\\\\\\m\|\\\\\\
=007  cr\|||||||||||
=008  110825c20039999xxuuu\d\o\\\\\0\\\a2eng\\
=024  7\$astm20100712a$2local
=040  \\$aUk$beng$cUk
=042  \\$aukblsr
=082  04$a577.8$223
=245  00$aInteraction Web database$h[electronic resource].
=246  3\$aIWDB
=260  \\$aSanta Barbara :$bNational Center for Ecological Analysis and Synthesis,$c2003-
=336  \\$atext$2rdacontent
=337  \\$acomputer$2rdamedia
=338  \\$aonline resource$2rdacarrier
=500  \\$aTitle from home page (viewed on Nov. 25, 2011).
=506  \\$aData are free to access.
=516  \\$aapplication/msexcel; text/plain.
=520  \\$aIWDB provides data on 45 studied interactions between host-parasite, plant-herbivore, plant-ant, plant-pollinator, plant-seed-distributor, predator-prey or anemone-fish relationships. Data are from published studies but new data is accepted from researchers.
=538  \\$aMode of access: World Wide Web.
=540  \\$aNot stated.
=584  \\$aData are from published reports.
=584  \\$aAccepting data submissions: Yes.
=650  \0$aAnimal-plant relationships$vDatabases.
=650  \0$aSymbiosis$vDatabases.
=650  \0$aHost-parasite relationships$vDatabases.
=650  \0$aPredation (Biology)$vDatabases.
=653  2\$aLiving With Environmental Change
=655  \7$aDataset.$2local
=655  \7$aObservational data.$2local
=655  \7$aMonitoring data.$2local
=655  \7$aReference data.$2local
=690  7\$aResearch Datasets Collection$2blcoll
=710  2\$aNational Center for Ecological Analysis and Synthesis.
=856  40$uhttp://www.nceas.ucsb.edu/interactionweb/resources.html$yResearch Datasets Collection
=859  \\$aXLD$bdatasets
=CAT  \\$aRESDATASET$b00$c20110825$lBLL01$h1145
=CAT  \\$a7332$b40$c20111125$lBLL01$h1305
=CAT  \\$a7332$b40$c20111130$lBLL01$h1312
=CAT  \\$aBATCH-UPD$b40$c20120821$lBLL01$h1643
=CAT  \\$aBATCH-UPD$b40$c20121018$lBLL01$h1009
=CAT  \\$aWR13.117$c20130718$lBLL01$h1857
=CAT  \\$aW1606-1753$c20171028$lBLL01$h1342
=FIN  \\$aY$d20111125
=FMT  \\$a  SE
=LAS  \\$aW1606-1753$b00$c20171028$lBLL01$h1342
=SRC  \\$aBLDatasets$bstm_datasets_20110825_mrc.xml
=TCO  \\$aZZZ$c008

