=LDR  02576 ai a2200565 a 4500
=001  015876850
=003  Uk
=005  20111125150340.0
=006  m\\\\\\\\m\|\\\\\\
=007  cr\|||||||||||
=008  110825c200u9999xxuuu\d\o\\\\\0\\\a2eng\\
=024  7\$astm20100804r$2local
=040  \\$aUk$beng$cUk
=042  \\$aukblsr
=082  04$a577.3097422$223
=245  00$aHubbard Brook dataset search$h[electronic resource].
=260  \\$aNewtown Square :$bHubbard Brook Research Foundation
=336  \\$atext$2rdacontent
=337  \\$acomputer$2rdamedia
=338  \\$aonline resource$2rdacarrier
=500  \\$aTitle from home page (viewed on Nov. 25, 2011).
=506  \\$aData are free to access.
=516  \\$atext/plain.
=520  \\$aProvides data from long-term ecological research at the Hubbard Brook experimental forest, a 3,160 hectare reserve in the White Mountain National Forest, New Hampshire. Data are from various research groups and includes ecosystem data covering the watersheds, the brook itself (water chemistry, stream flow and sediment yield) and the surrounding forest (precipitation, forest inventory, canopy leaf chemistry, litter fall, phenology, plant diversity, meteorology and atmospheric data such as air temperature and wind, soil data and forest floor organic matter and chemistry).
=522  \\$aHubbard Brook.
=538  \\$aMode of access: World Wide Web.
=540  \\$aNot stated.
=584  \\$aData are submitted by researchers using the Hubbard Brook Experimental Forest.
=584  \\$aAccepting data submissions: No.
=650  \0$aForest ecology$xResearch$zNew Hampshire$zHubbard Brook Experimental Forest$vDatabases.
=653  2\$aLiving With Environmental Change
=655  \7$aDataset.$2local
=655  \7$aLongitudinal data.$2local
=655  \7$aMonitoring data.$2local
=655  \7$aReference data.$2local
=690  7\$aResearch Datasets Collection$2blcoll
=710  2\$aHubbard Brook Research Foundation.
=856  40$uhttp://www.hubbardbrook.org/data/dataset_search.php$yResearch Datasets Collection
=859  \\$aXLD$bdatasets
=CAT  \\$aRESDATASET$b00$c20110825$lBLL01$h1145
=CAT  \\$a7332$b40$c20111125$lBLL01$h1503
=CAT  \\$aBATCH-UPD$b40$c20120821$lBLL01$h1643
=CAT  \\$aBATCH-UPD$b40$c20121018$lBLL01$h1010
=CAT  \\$aWR13.117$c20130718$lBLL01$h1857
=CAT  \\$aW1606-1753$c20171028$lBLL01$h1342
=FIN  \\$aY$d20111125
=FMT  \\$a  SE
=LAS  \\$aW1606-1753$b00$c20171028$lBLL01$h1342
=SRC  \\$aBLDatasets$bstm_datasets_20110825_mrc.xml
=TCO  \\$aZZZ$c008

