=LDR  02442 ai a2200613 a 4500
=001  015876851
=003  Uk
=005  20120104074935.0
=006  m\\\\\\\\m\|\\\\\\
=007  cr\|||||||||||
=008  110825c200u9999xxuuu\d\o\\\\\0\\\a2eng\\
=024  7\$astm20100816g$2local
=040  \\$aUk$beng$cUk
=042  \\$aukblsr
=082  04$a551.60973$223
=245  00$aClimatological and hydrological data access$h[electronic resource].
=246  3\$aClimDB/HydroDB
=260  \\$a[United States] :$bLong-Term Ecological Research program ;$aCorvallis :$bU.S. Forest Service Pacific Northwest Research Station
=336  \\$atext$2rdacontent
=337  \\$acomputer$2rdamedia
=338  \\$aonline resource$2rdacarrier
=500  \\$aTitle from home page (viewed on Dec. 8, 2011).
=506  \\$aData are free to access.
=516  \\$atext/csv; text/html; text/plain.
=520  \\$aHolds long-term environmental data from 335 stations across 44 experimental sites and forests in the U.S. Data can be downloaded per site, station and variable, in CSV or tab-separated format.
=538  \\$aMode of access: World Wide Web.
=540  \\$aNot stated.
=584  \\$aAccepting data submissions: No.
=650  \0$aForests and forestry$zUnited States$vDatabases.
=650  \0$aClimatology$xResearch$zUnited States$vDatabases.
=650  \0$aHydrology$zUnited States$vDatabases.
=653  2\$aLiving With Environmental Change
=655  \7$aDataset.$2local
=655  \7$aLongitudinal data.$2local
=655  \7$aMonitoring data.$2local
=655  \7$aReference data.$2local
=690  7\$aResearch Datasets Collection$2blcoll
=710  2\$aPacific Northwest Research Station (Corvallis, Or.)
=710  2\$aLong-Term Ecological Research Program.
=710  2\$aClimate and Hydrology Database Projects.
=856  40$uhttp://www.fsl.orst.edu/climhy/$yResearch Datasets Collection
=859  \\$aXLD$bdatasets
=CAT  \\$aRESDATASET$b00$c20110825$lBLL01$h1145
=CAT  \\$a7332$b40$c20111208$lBLL01$h0912
=CAT  \\$a7332$b40$c20120104$lBLL01$h0749
=CAT  \\$aBATCH-UPD$b40$c20120821$lBLL01$h1643
=CAT  \\$aBATCH-UPD$b40$c20121018$lBLL01$h1010
=CAT  \\$aWR13.117$c20130718$lBLL01$h1857
=CAT  \\$aW1606-1753$c20171028$lBLL01$h1342
=FIN  \\$aY$d20111208
=FMT  \\$a  SE
=LAS  \\$aW1606-1753$b00$c20171028$lBLL01$h1342
=SRC  \\$aBLDatasets$bstm_datasets_20110825_mrc.xml
=TCO  \\$aZZZ$c008

