=LDR  02512 ai a2200613 a 4500
=001  015876852
=003  Uk
=005  20131002075319.0
=006  m\\\\\\\\m\|\\\\\\
=007  cr\|||||||||||
=008  110825c200u9999xxuuu\d\o\\\\\0\\\a2eng\\
=024  7\$astm20110114e$2local
=040  \\$aUk$beng$cUk$dUk
=042  \\$aukblsr
=082  04$a363.610973$223
=245  00$aWater supply forecasting$h[electronic resource].
=260  \\$bNatural Resources Conservation Service
=336  \\$atext$2rdacontent
=337  \\$acomputer$2rdamedia
=338  \\$aonline resource$2rdacarrier
=500  \\$aTitle from home page (viewed on Mar. 21, 2012).
=506  \\$aData are free to access.
=520  \\$aSurface water supply data and maps available by state (Colorado, Idaho, Montana, New Mexico, Oregon, Utah and Wyoming). Current and historic reservoir summary data by state (Alaska, Arizona, California, Colorado, Idaho, Montana, Nevada, New Mexico, Oregon, Utah, Washington and Wyoming). Google Earth layers for water supply forecasts are available per forecast date.
=538  \\$aMode of access: World Wide Web.
=540  \\$aNot stated.
=584  \\$aAccepting data submissions: no.
=650  \0$aReservoirs$zUnited States$vDatabases.
=650  \0$aWater-supply$zUnited States$vDatabases.
=650  \0$aWater-supply$zUnited States$xForecasting$vDatabases.
=653  2\$aFlooding
=655  \7$aDataset.$2local
=655  \7$aModelled data.$2local
=655  \7$aMonitoring data.$2local
=655  \7$aReference data.$2local
=690  7\$aResearch Datasets Collection$2blcoll
=710  1\$aUnited States.$bDepartment of Agriculture.
=710  1\$aUnited States.$bNatural Resources Conservation Service.
=710  2\$aNational Water and Climate Center (U.S.)
=856  40$uhttp://www.wcc.nrcs.usda.gov/wsf/$yResearch Datasets Collection
=859  \\$aXLD$bdatasets
=985  \\$aRecord amended for WR# 13/070
=CAT  \\$aRESDATASET$b00$c20110825$lBLL01$h1145
=CAT  \\$a7332$b40$c20120321$lBLL01$h1511
=CAT  \\$aBATCH-UPD$b40$c20120821$lBLL01$h1643
=CAT  \\$aBATCH-UPD$b40$c20121018$lBLL01$h1010
=CAT  \\$aWR13_070$b00$c20130504$lBLL01$h0333
=CAT  \\$aWR13.117$c20130718$lBLL01$h1857
=CAT  \\$a7332$b40$c20131002$lBLL01$h0753
=CAT  \\$aW1606-1753$c20171028$lBLL01$h1342
=FIN  \\$aY$d20120321
=FMT  \\$a  SE
=LAS  \\$aW1606-1753$b00$c20171028$lBLL01$h1342
=SRC  \\$aBLDatasets$bstm_datasets_20110825_mrc.xml
=TCO  \\$aZZZ$c008

