=LDR  02517 ai a2200613 a 4500
=001  015876855
=003  Uk
=005  20111104111336.0
=006  m\\\\\\\\m\|\\\\\\
=007  cr\|||||||||||
=008  110825c200u9999xxuuu\d\o\\\\\0\\\a2eng\\
=024  7\$astm20100816j$2local
=040  \\$aUk$beng$cUk
=042  \\$aukblsr
=082  04$a577.57$223
=245  00$aSoil climate analysis network$h[electronic resource].
=246  3\$aSCAN
=260  \\$aPortland :$bNatural Resources Conservation Service
=336  \\$atext$2rdacontent
=337  \\$acomputer$2rdamedia
=338  \\$aonline resource$2rdacarrier
=500  \\$aTitle from home page (viewed on Nov. 4, 2011).
=506  \\$aData are free to access.
=510  3\$uhttp://dx.doi.org/10.1175/2007JTECHA930.1
=516  \\$atext/csv; image/png.
=520  \\$aProvides soil climate data from sites across the U.S. Parameters include precipitation, air temperature, relative humidity, wind speed and direction, solar radiation, barometer pressure, snow depth and water content, and soil moisture and temperature. Data are available by sites picked from a map. Daily, hourly and historical data can be downloaded in tabular or charted forms.
=522  \\$aUnited States (nation).
=538  \\$aMode of access: World Wide Web.
=540  \\$aNot stated.
=584  \\$aData are collected by the NRCS.
=584  \\$aAccepting data submissions: No.
=650  \0$aSoils and climate$zUnited States$vDatabases.
=650  \0$aSoils$xEnvironmental aspects$zUnited States.
=650  \0$aClimatic changes$xGovernment policy$zUnited States.
=653  2\$aLiving With Environmental Change
=655  \7$aDataset.$2local
=655  \7$aLongitudinal data.$2local
=655  \7$aObservational data.$2local
=655  \7$aReference data.$2local
=690  7\$aResearch Datasets Collection$2blcoll
=710  1\$aUnited States.$bNatural Resources Conservation Service.
=856  40$uhttp://www.wcc.nrcs.usda.gov/scan/$yResearch Datasets Collection
=859  \\$aXLD$bdatasets
=CAT  \\$aRESDATASET$b00$c20110825$lBLL01$h1145
=CAT  \\$a7332$b40$c20111104$lBLL01$h1113
=CAT  \\$aBATCH-UPD$b40$c20120821$lBLL01$h1643
=CAT  \\$aBATCH-UPD$b40$c20121018$lBLL01$h1010
=CAT  \\$aWR13.117$c20130718$lBLL01$h1857
=CAT  \\$aW1606-1753$c20171028$lBLL01$h1342
=FIN  \\$aY$d20111104
=FMT  \\$a  SE
=LAS  \\$aW1606-1753$b00$c20171028$lBLL01$h1342
=SRC  \\$aBLDatasets$bstm_datasets_20110825_mrc.xml
=TCO  \\$aZZZ$c008

