=LDR  02627 ai a2200601 a 4500
=001  015876857
=003  Uk
=005  20120105074126.0
=006  m\\\\\\\\m\|\\\\\\
=007  cr\|||||||||||
=008  110825c200u9999it\uu\d\o\s\\\0\\\a2eng\\
=024  7\$astm20100715a$2local
=040  \\$aUk$beng$cUk
=042  \\$aukblsr
=082  04$a333.75$223
=245  00$aGlobal forest resources assessment 2005.$pGlobal tables$h[electronic resource].
=246  3\$aFRA 2005
=260  \\$aRome :$bFood and Agriculture Organization of the United Nations
=336  \\$atext$2rdacontent
=337  \\$acomputer$2rdamedia
=338  \\$aonline resource$2rdacarrier
=500  \\$aTitle from Web page (viewed on Jan. 5, 2012).
=506  \\$aData are free to access.
=510  3\$u9789250057194
=516  \\$aapplication/msexcel; text/html.
=520  \\$aData are presented from the 2005 Global Forest Resource Assessment. They are in HTML format by measure or country or are available in a single Excel workbook. The tables give data that includes: forest extent and change in extent, forest ownership; function of the forest; plantation forests; carbon, biomass and growing stock; disturbance and removal and composition and diversity of trees. Country The FRA is reported every 5-10 years from reports submitted from a responsible officer in each country.
=538  \\$aMode of access: World Wide Web.
=540  \\$aNot stated.
=584  \\$aData are collated by the FAO as part of the FRA.
=584  \\$aAccepting data submissions: No.
=650  \0$aForests and forestry$vStatistics$vDatabases.
=650  \0$aForest surveys$vStatistics$vDatabases.
=650  \0$aForest management$vStatistics$vDatabases.
=653  2\$aLiving With Environmental Change
=655  \7$aDataset.$2local
=655  \7$aStatistics.$2local
=655  \7$aMonitoring data.$2local
=655  \7$aReference data.$2local
=690  7\$aResearch Datasets Collection$2blcoll
=710  2\$aFood and Agriculture Organization of the United Nations.
=856  40$uhttp://www.fao.org/forestry/fra/fra2005/en/$yResearch Datasets Collection
=859  \\$aXLD$bdatasets
=CAT  \\$aRESDATASET$b00$c20110825$lBLL01$h1145
=CAT  \\$a7332$b40$c20120105$lBLL01$h0741
=CAT  \\$aBATCH-UPD$b40$c20120821$lBLL01$h1643
=CAT  \\$aBATCH-UPD$b40$c20121018$lBLL01$h1009
=CAT  \\$aWR13.117$c20130718$lBLL01$h1857
=CAT  \\$aW1606-1753$c20171028$lBLL01$h1342
=FIN  \\$aY$d20120105
=FMT  \\$a  SE
=LAS  \\$aW1606-1753$b00$c20171028$lBLL01$h1342
=SRC  \\$aBLDatasets$bstm_datasets_20110825_mrc.xml
=TCO  \\$aZZZ$c008

