=LDR  02741 ai a2200637 a 4500
=001  015876858
=003  Uk
=005  20121024081018.0
=006  m\\\\\\\\m\|\\\\\\
=007  cr\|||||||||||
=008  110825c200u9999xxuuu\d\o\\\\\0\\\a2eng\\
=024  7\$astm20100715b$2local
=040  \\$aUk$beng$cUk$dUk
=042  \\$aukblsr
=082  04$a551.6072$223
=245  00$aGlobal Observing Systems Information Center data registry$h[electronic resource].
=246  3\$aGOSIC data registry
=260  \\$a[United States] :$bNational Oceanic and Atmospheric Administration
=336  \\$atext$2rdacontent
=337  \\$acomputer$2rdamedia
=338  \\$aonline resource$2rdacarrier
=500  \\$aTitle from home page (viewed on Jan. 5, 2012).
=506  \\$aData are free to access.
=516  \\$atext/html.
=520  \\$aThe registry provides information on and access to global observation datasets held across many global observation partners' sites and over 250 separate data centres, but associated with either the Global Ocean, Global Terrestrial or Global Climate Observing Systems (GOOS, GTOS or GCOS). The registry is free to access and use, but the datasets listed have a range of access restrictions from freely available to requiring permission to access.
=538  \\$aMode of access: World Wide Web.
=540  \\$aNot stated.
=584  \\$aAccepting data submissions: No.
=650  \0$aGlobal Ocean Observing System$vDatabases.
=650  \0$aGlobal Observing System (Meteorology)$vDatabases.
=653  2\$aLiving With Environmental Change
=655  \7$aDataset.$2local
=655  \7$aObservational data.$2local
=655  \7$aMonitoring data.$2local
=655  \7$aReference data.$2local
=690  7\$aResearch Datasets Collection$2blcoll
=710  1\$aUnited States.$bNational Oceanic and Atmospheric Administration.
=710  2\$aNational Climatic Data Center (U.S.)
=710  2\$aGlobal Climate Observing System (Organization)
=710  2\$aGlobal Observing Systems Information Center.
=856  40$uhttp://www.gosic.org/$yResearch Datasets Collection
=859  \\$aXLD$bdatasets
=CAT  \\$aRESDATASET$b00$c20110825$lBLL01$h1145
=CAT  \\$a7332$b40$c20120105$lBLL01$h0832
=CAT  \\$a7332$b40$c20120105$lBLL01$h0911
=CAT  \\$aBATCH-UPD$b40$c20120821$lBLL01$h1643
=CAT  \\$aBATCH-UPD$b40$c20121018$lBLL01$h1010
=CAT  \\$a7332$b40$c20121024$lBLL01$h0804
=CAT  \\$a7332$b40$c20121024$lBLL01$h0810
=CAT  \\$aWR13.117$c20130718$lBLL01$h1857
=CAT  \\$aW1606-1753$c20171028$lBLL01$h1342
=FIN  \\$aY$d20120105
=FMT  \\$a  SE
=LAS  \\$aW1606-1753$b00$c20171028$lBLL01$h1342
=SRC  \\$aBLDatasets$bstm_datasets_20110825_mrc.xml
=TCO  \\$aZZZ$c008

