=LDR  02325 ai a2200553 a 4500
=001  015876859
=003  Uk
=005  20131002075420.0
=006  m\\\\\\\\m\|\\\\\\
=007  cr\|||||||||||
=008  110825c200u9999it\uu\d\o\\\\\0\\\a2eng\\
=024  7\$astm20110114f$2local
=040  \\$aUk$beng$cUk$dUk
=042  \\$aukblsr
=082  04$a333.91$223
=245  00$aAquastat$h[electronic resource].
=260  \\$aRome :$bFAO
=336  \\$atext$2rdacontent
=337  \\$acomputer$2rdamedia
=338  \\$aonline resource$2rdacarrier
=500  \\$aTitle from home page (viewed on Apr. 4, 2012).
=506  \\$aData are free to access.
=520  \\$aAquastat provides regional and national-level data on water resources (including precipitation and dam capacity), use (including waste water, irrigation and drainage) and management (including conservation and water harvesting), with an emphasis on Africa, Latin America, Asia and the Caribbean. Data on the environment, health, population and development are provided for analysis. Select variables, countries and a date range of interest to search, then view and download data.
=538  \\$aMode of access: World Wide Web.
=540  \\$aCreators/Contributors retain copyright.
=584  \\$aAccepting data submissions: no.
=650  \0$aWater-supply$vDatabases.
=650  \0$aWater use$vDatabases.
=650  \0$aIrrigation$vDatabases.
=653  2\$aFlooding
=655  \7$aDataset.$2local
=655  \7$aReference data.$2local
=655  \7$aMonitoring data.$2local
=690  7\$aResearch Datasets Collection$2blcoll
=710  2\$aFood and Agriculture Organization of the United Nations.
=856  40$uhttp://www.fao.org/nr/water/aquastat/data/query/index.html?lang=en$yResearch Datasets Collection
=859  \\$aXLD$bdatasets
=CAT  \\$aRESDATASET$b00$c20110825$lBLL01$h1145
=CAT  \\$a7332$b40$c20120404$lBLL01$h1038
=CAT  \\$aBATCH-UPD$b40$c20120821$lBLL01$h1643
=CAT  \\$aBATCH-UPD$b40$c20121018$lBLL01$h1009
=CAT  \\$aWR13.117$c20130718$lBLL01$h1857
=CAT  \\$a7332$b40$c20131002$lBLL01$h0754
=CAT  \\$aW1606-1753$c20171028$lBLL01$h1342
=FIN  \\$aY$d20120404
=FMT  \\$a  SE
=LAS  \\$aW1606-1753$b00$c20171028$lBLL01$h1342
=SRC  \\$aBLDatasets$bstm_datasets_20110825_mrc.xml
=TCO  \\$aZZZ$c008

