=LDR  02221 ai a2200577 a 4500
=001  015876860
=003  Uk
=005  20120410114640.0
=006  m\\\\\\\\m\|\\\\\\
=007  cr\|||||||||||
=008  110825c200u9999it\uu\d\o\\\\\0\\\a2eng\\
=024  7\$astm20110114cn$2local
=040  \\$aUk$beng$cUk
=041  0\$aeng$afre$aspa
=042  \\$aukblsr
=082  04$a627.8$223
=245  00$aGeo-referenced dams database$h[electronic resource].
=246  1\$iFrench interface title:$aBases de donneÌes geÌoreÌfeÌrenceÌes sur les barrages
=246  1\$iSpanish interface title:$aBase de datos geo-referenciada sobre las presas
=260  \\$aRome :$bFAO
=336  \\$atext$2rdacontent
=337  \\$acomputer$2rdamedia
=338  \\$aonline resource$2rdacarrier
=500  \\$aTitle from homepage (viewed on Apr. 10, 2012).
=506  \\$aData are free to access.
=516  \\$aapplication/msexcel; application/pdf; application/vnd.google-earth.kml+xml
=520  \\$aProvides geo-referenced data on dams in Africa and the Middle East, including information on capacity, sedimentation and uses. Files are also provided for visualisation in Google Earth.
=538  \\$aMode of access: World Wide Web.
=540  \\$aNot stated.
=584  \\$aAccepting data submissions: no.
=650  \0$aDams$vDatabases.
=650  \0$aReservoirs$vDatabases.
=653  2\$aFlooding
=655  \7$aDataset.$2local
=655  \7$aReference data.$2local
=655  \7$aMonitoring data.$2local
=690  7\$aResearch Datasets Collection$2blcoll
=710  2\$aFood and Agriculture Organization of the United Nations.
=856  40$uhttp://www.fao.org/nr/water/aquastat/dams/index.stm$yResearch Datasets Collection
=859  \\$aXLD$bdatasets
=CAT  \\$aRESDATASET$b00$c20110825$lBLL01$h1145
=CAT  \\$a7332$b40$c20120410$lBLL01$h1146
=CAT  \\$aBATCH-UPD$b40$c20120821$lBLL01$h1643
=CAT  \\$aBATCH-UPD$b40$c20121018$lBLL01$h1009
=CAT  \\$aWR13.117$c20130718$lBLL01$h1857
=CAT  \\$aW1606-1753$c20171028$lBLL01$h1342
=FIN  \\$aY$d20120410
=FMT  \\$a  SE
=LAS  \\$aW1606-1753$b00$c20171028$lBLL01$h1342
=SRC  \\$aBLDatasets$bstm_datasets_20110825_mrc.xml
=TCO  \\$aZZZ$c008

