=LDR  02445 ai a2200565 a 4500
=001  015876862
=003  Uk
=005  20111208111623.0
=006  m\\\\\\\\m\|\\\\\\
=007  cr\|||||||||||
=008  110825c200u9999it\uu\d\o\\\\\0\\\a2eng\\
=024  7\$astm20100715c$2local
=040  \\$aUk$beng$cUk
=042  \\$aukblsr
=082  04$a551.6072$223
=245  00$aCLIMWAT ... for CROPWAT$h[electronic resource].
=260  \\$a[Rome] :$bFood and Agriculture Organization of the United Nations
=336  \\$atext$2rdacontent
=337  \\$acomputer$2rdamedia
=338  \\$aonline resource$2rdacarrier
=500  \\$aTitle from home page (viewed on Oct. 8, 2011).
=506  \\$aData are free to access.
=516  \\$aBespoke software.
=520  \\$aCLIMWAT is a data package of agro-climate data from over 5000 stations worldwide. It is intended for use with the CROPWAT software from the FAO for the prediction of crop water requirements and irrigation needs and scheduling for various climate situations. Data parameters in CLIMWAT include: mean daily maximum and minimum temperatures; mean relative humidity, wind speed, sunshine hours per day and solar radiation; monthly rainfall and effective rainfall and evapotranspiration.
=538  \\$aMode of access: World Wide Web.
=540  \\$aNot stated.
=584  \\$aData are aggregated by the FAO.
=650  \0$aClimatology$vObservations$vDatabases.
=650  \0$aCrops and climate$vDatabases.
=650  \0$aIrrigation$xManagement$vDatabases.
=653  2\$aLiving With Environmental Change
=655  \7$aDataset.$2local
=655  \7$aObservational data.$2local
=655  \7$aMonitoring data.$2local
=655  \7$aReference data.$2local
=690  7\$aResearch Datasets Collection$2blcoll
=710  2\$aFood and Agriculture Organization of the United Nations.
=856  40$uhttp://www.fao.org/nr/water/infores_databases_climwat.html$yResearch Datasets Collection
=859  \\$aXLD$bdatasets
=CAT  \\$aRESDATASET$b00$c20110825$lBLL01$h1145
=CAT  \\$a7332$b40$c20111208$lBLL01$h1116
=CAT  \\$aBATCH-UPD$b40$c20120821$lBLL01$h1643
=CAT  \\$aBATCH-UPD$b40$c20121018$lBLL01$h1009
=CAT  \\$aWR13.117$c20130718$lBLL01$h1857
=CAT  \\$aW1606-1753$c20171028$lBLL01$h1342
=FIN  \\$aY$d20111208
=FMT  \\$a  SE
=LAS  \\$aW1606-1753$b00$c20171028$lBLL01$h1342
=SRC  \\$aBLDatasets$bstm_datasets_20110825_mrc.xml
=TCO  \\$aZZZ$c008

