=LDR  02379 ai a2200637 a 4500
=001  015876864
=003  Uk
=005  20121024081002.0
=006  m\\\\\\\\m\|\\\\\\
=007  cr\|||||||||||
=008  110825c200u9999ne\uu\d\o\\\\\0\\\a2eng\\
=024  7\$astm20100804s$2local
=040  \\$aUk$beng$cUk$dUk
=042  \\$aukblsr
=082  04$a598.094$223
=130  0\$aEBCC atlas of European breeding birds (Online)
=245  14$aThe EBCC atlas of European breeding birds$h[electronic resource].
=260  \\$aNijmegen :$bSOVON
=336  \\$atext$2rdacontent
=337  \\$acomputer$2rdamedia
=338  \\$aonline resource$2rdacarrier
=500  \\$aTitle from home page (viewed on Nov. 25, 2011).
=506  \\$aData are free to access.
=516  \\$atext/html.
=520  \\$aOverlays the observed distribution and population of nearly 500 species of breeding birds across Europe on a Google Maps viewer. Species can be selected from lists by common or scientific name.
=522  \\$aEurope.
=538  \\$aMode of access: World Wide Web.
=540  \\$aNot stated.
=584  \\$aData are collected by the EBCC.
=584  \\$aAccepting data submissions: No.
=650  \0$aBirds$zEurope$vDatabases.
=650  \0$aBird populations$zEurope$vDatabases.
=650  \0$aBirds$zEurope$xGeographical distribution$vDatabases.
=653  2\$aLiving With Environmental Change
=655  \7$aDataset.$2local
=655  \7$aObservational data.$2local
=655  \7$aMonitoring data.$2local
=655  \7$aReference data.$2local
=690  7\$aResearch Datasets Collection$2blcoll
=710  2\$aEuropean Bird Census Council.
=710  2\$aSamenwerkende Organisaties Vogelonderzoek Nederland.
=856  40$uhttp://s1.sovon.nl/ebcc/eoa/$yResearch Datasets Collection
=859  \\$aXLD$bdatasets
=CAT  \\$aRESDATASET$b00$c20110825$lBLL01$h1145
=CAT  \\$a7332$b40$c20111125$lBLL01$h1707
=CAT  \\$aBATCH-UPD$b40$c20120821$lBLL01$h1643
=CAT  \\$aBATCH-UPD$b40$c20121018$lBLL01$h1009
=CAT  \\$a7332$b40$c20121024$lBLL01$h0806
=CAT  \\$a7332$b40$c20121024$lBLL01$h0810
=CAT  \\$aWR13.117$c20130718$lBLL01$h1857
=CAT  \\$aW1606-1753$c20171028$lBLL01$h1342
=FIN  \\$aY$d20111125
=FMT  \\$a  SE
=LAS  \\$aW1606-1753$b00$c20171028$lBLL01$h1342
=SRC  \\$aBLDatasets$bstm_datasets_20110825_mrc.xml
=TCO  \\$aZZZ$c008

