=LDR  02361 ai a2200625 a 4500
=001  015876865
=003  Uk
=005  20111123085306.0
=006  m\\\\\\\\m\|\\\\\\
=007  cr\|||||||||||
=008  110825c200u9999enkuu\d\o\\\\\0\\\a2eng\\
=024  7\$astm20100804t$2local
=040  \\$aUk$beng$cUk
=042  \\$aukblsr
=082  04$a598.07232094$223
=245  00$aEURING databank$h[electronic resource].
=246  3\$aEDB
=260  \\$aThetford :$bBritish Trust for Ornithology
=336  \\$atext$2rdacontent
=337  \\$acomputer$2rdamedia
=338  \\$aonline resource$2rdacarrier
=500  \\$aTitle from home page (viewed on Nov. 4, 2011).
=506  \\$aUsers must apply for access to data.
=516  \\$aimage/png; text/html.
=520  \\$aProvides summary tables of the number of ringed birds of each species recovered both dead and alive, by species or by ringing scheme. Maps of the location of recovery are also available by species. Detailed data must be requested from EURING.
=522  \\$aEurope.
=538  \\$aMode of access: World Wide Web.
=540  \\$aNot stated.
=584  \\$aData are submitted to EURING by national schemes.
=584  \\$aAccepting data submissions: No.
=650  \0$aBird banding$zEurope$vDatabases.
=650  \0$aBirds$xGeographical distribution$vDatabases.
=653  2\$aLiving With Environmental Change
=655  \7$aDataset.$2local
=655  \7$aObservational data.$2local
=655  \7$aLongitudinal data.$2local
=655  \7$aReference data.$2local
=690  7\$aResearch Datasets Collection$2blcoll
=710  2\$aEuropean Union for Bird Ringing.
=710  2\$aBritish Trust for Ornithology.
=856  40$uhttp://www.euring.org/edb/index.html$yResearch Datasets Collection
=859  \\$aXLD$bdatasets
=CAT  \\$aRESDATASET$b00$c20110825$lBLL01$h1145
=CAT  \\$a7332$b40$c20111104$lBLL01$h1020
=CAT  \\$a7332$b40$c20111110$lBLL01$h1154
=CAT  \\$a7332$b40$c20111123$lBLL01$h0853
=CAT  \\$aBATCH-UPD$b40$c20120821$lBLL01$h1643
=CAT  \\$aBATCH-UPD$b40$c20121018$lBLL01$h1009
=CAT  \\$aWR13.117$c20130718$lBLL01$h1857
=CAT  \\$aW1606-1753$c20171028$lBLL01$h1342
=FIN  \\$aY$d20111104
=FMT  \\$a  SE
=LAS  \\$aW1606-1753$b00$c20171028$lBLL01$h1342
=SRC  \\$aBLDatasets$bstm_datasets_20110825_mrc.xml
=TCO  \\$aZZZ$c008

