=LDR  02687 ai a2200601 a 4500
=001  015876866
=003  Uk
=005  20130425084627.0
=006  m\\\\\\\\m\|\\\\\\
=007  cr\|||||||||||
=008  110825c200u9999gw\uu\d\o\\\\\0\\\a2eng\\
=024  7\$astm20100716a$2local
=040  \\$aUk$beng$cUk$dUk
=042  \\$aukblsr
=082  04$a551.488$223
=245  00$aLong-term mean monthly discharges and annual characteristics of GRDC stations$h[electronic resource].
=260  \\$aKoblenz :$bFederal Institute of Hydrology
=336  \\$atext$2rdacontent
=337  \\$acomputer$2rdamedia
=338  \\$aonline resource$2rdacarrier
=500  \\$aTitle from home page (viewed on Dec. 13, 2011).
=506  \\$aData are free to access.
=516  \\$atext/plain.
=520  \\$aProvides long-term mean monthly discharges and annual characteristics from 3567 stations draining basins larger than 2500 km², with more than 10 years of data. Data provided includes: annual means, lowest, and highest monthly discharges for individual years; long-term mean, lowest, and highest monthly discharges of time series with at least five years of observation; long-term inner-annual mean, lowest and highest monthly discharges of time series with at least five values of a specific month. Data are provided station by station as ASCII-text files, grouped by continents.
=538  \\$aMode of access: World Wide Web.
=540  \\$aNot stated.
=584  \\$aData are created by the GRDC.
=584  \\$aAccepting data submissions: No.
=650  \0$aRunoff$vDatabases.
=650  \0$aStream measurements$vDatabases.
=653  2\$aLiving With Environmental Change
=655  \7$aDataset.$2local
=655  \7$aStatistics.$2local
=655  \7$aMonitoring data.$2local
=655  \7$aReference data.$2local
=690  7\$aResearch Datasets Collection$2blcoll
=710  2\$aGlobal Runoff Data Centre.
=710  2\$aBundesanstalt für Gewässerkunde (Germany)
=856  40$uhttp://www.bafg.de/GRDC/EN/03_dtprdcts/32_LTMM/longtermmonthly_node.html$yResearch Datasets Collection
=859  \\$aXLD$bdatasets
=CAT  \\$aRESDATASET$b00$c20110825$lBLL01$h1145
=CAT  \\$a7332$b40$c20111213$lBLL01$h1013
=CAT  \\$aBATCH-UPD$b40$c20120821$lBLL01$h1643
=CAT  \\$aBATCH-UPD$b40$c20121018$lBLL01$h1009
=CAT  \\$a7332$b40$c20130425$lBLL01$h0846
=CAT  \\$aWR13.117$c20130718$lBLL01$h1857
=CAT  \\$aW1606-1753$c20171028$lBLL01$h1342
=CAT  \\$aBATCH-UPD$b00$c20180818$lBLL01$h1749
=FIN  \\$aY$d20111213
=FMT  \\$a  SE
=LAS  \\$aBATCH-UPD$b00$c20180818$lBLL01$h1749
=SRC  \\$aBLDatasets$bstm_datasets_20110825_mrc.xml
=TCO  \\$aZZZ$c008

