=LDR  02516 ai a2200637 a 4500
=001  015876869
=003  Uk
=005  20120104085238.0
=006  m\\\\\\\\m\|\\\\\\
=007  cr\|||||||||||
=008  110825c200u9999fi\uu\d\o\\\\\0\\\a2eng\\
=024  7\$astm20100719b$2local
=040  \\$aUk$beng$cUk
=041  0\$aeng$afin$aswe
=042  \\$aukblsr
=082  04$a363.7392094897$223
=245  00$aAir quality in Finland$h[electronic resource].
=246  1\$iFinnish interface title:$aIlmanlaatuportaali
=246  1\$iSwedish interface title:$aLuftkvalitet i Finland
=260  \\$aKunnat :$bHelsinki Metropolitan Area Council
=336  \\$atext$2rdacontent
=337  \\$acomputer$2rdamedia
=338  \\$aonline resource$2rdacarrier
=500  \\$aTitle from home page (viewed on Dec. 3, 2011).
=506  \\$aData are free to access.
=516  \\$atext/html.
=520  \\$aAir Quality Finland provides data on carbon monoxide (CO), nitrogen dioxide (NO2) and particulate matter of <10 microns and <2.5 microns (PM 10 and OM2.5) from 52 monitoring stations across Finland. Data can be visualised on a map, or as a graph, or can be viewed on an HTML table.
=522  \\$aFinland.
=538  \\$aMode of access: World Wide Web.
=540  \\$aNot stated.
=546  \\$aInterface in English, Finnish and Swedish.
=584  \\$aData are collected by Ilmanlaatutiedon Tuottajat.
=584  \\$aAccepting data submissions: No.
=650  \0$aAir quality$zFinland$vDatabases.
=650  \0$aAir quality$zFinland$vStatistics$vPeriodicals.
=653  2\$aLiving With Environmental Change
=655  \7$aDataset.$2local
=655  \7$aObservational data.$2local
=655  \7$aMonitoring data.$2local
=655  \7$aReference data.$2local
=690  7\$aResearch Datasets Collection$2blcoll
=710  2\$aPääkaupunkiseudun yhteistyövaltuuskunta.
=856  40$uhttp://www.ilmanlaatu.fi/ilmanyt/nyt/ilmanyt.php$yResearch Datasets Collection
=859  \\$aXLD$bdatasets
=CAT  \\$aRESDATASET$b00$c20110825$lBLL01$h1145
=CAT  \\$a7332$b40$c20111203$lBLL01$h0758
=CAT  \\$a7332$b40$c20120104$lBLL01$h0852
=CAT  \\$aBATCH-UPD$b40$c20120821$lBLL01$h1643
=CAT  \\$aBATCH-UPD$b40$c20121018$lBLL01$h1010
=CAT  \\$aWR13.117$c20130718$lBLL01$h1857
=CAT  \\$aW1606-1753$c20171028$lBLL01$h1342
=FIN  \\$aY$d20111203
=FMT  \\$a  SE
=LAS  \\$aW1606-1753$b00$c20171028$lBLL01$h1342
=SRC  \\$aBLDatasets$bstm_datasets_20110825_mrc.xml
=TCO  \\$aZZZ$c008

