=LDR  02249 ai a22004815a 4500
=001  015876870
=003  Uk
=005  20110825114532.0
=007  cr\|||||||||||
=008  \\\\\\c\\\\9999\\\\\\\\o\\\\\0\\\a2eng\\
=024  7\$astm20100719c$2local
=245  00$aHelsinki Commission Indicator Database$h[electronic resource].
=246  0\$aHELCOM Baltic Sea Monitor
=260  \\$bInternational Council for the Exploration of the Seas (ICES)
=336  \\$atext$2rdacontent
=337  \\$acomputer$2rdamedia
=338  \\$aonline resource$2rdacarrier
=506  \\$aData are free to access.
=516  \\$aimage/gif.
=520  \\$aThe Baltic Sea Monitor visualises data from the Baltic Sea, specifically measures of nutrient, hydrography (temperature, salinity, oxygen and hydrogen sulphide, H2S) and chlorophyll from monitoring stations within the Baltic. Users select a parameter, date range and area from the map view. Stations, months and depth profile can then be selected in the observation monitor tab, which displays selected data in graphical view. Data for each point on a graph is given when hovering over it with the cursor.
=522  \\$aBaltic Sea.
=540  \\$aHELCOM data can be used freely for non-commercial purposes.
=584  \\$aData submitted by the Contracting Parties to the HELCOM COMBINE database.
=584  \\$aAccepting data submissions: No.
=653  \\$aOcean Chemistry > Nutrients.
=653  \\$aOcean Chemistry > Chlorophyll.
=653  \\$aEnvironmental Impacts > Environmental Assessments.
=653  2\$aLiving With Environmental Change
=655  \7$aDataset.$2local
=655  \7$aObservational data.$2local
=690  7\$aResearch Datasets Collection$2blcoll
=710  2\$aHelsinki Commission
=856  40$uhttp://62.236.121.185:8080/helmon/$yResearch Datasets Collection
=859  \\$aXLD$bdatasets
=CAT  \\$aRESDATASET$b00$c20110825$lBLL01$h1145
=CAT  \\$aBATCH-UPD$b00$c20120821$lBLL01$h1643
=CAT  \\$aBATCH-UPD$b00$c20121018$lBLL01$h1010
=CAT  \\$aWR13.117$c20130718$lBLL01$h1857
=CAT  \\$aW1606-1753$c20171028$lBLL01$h1342
=FMT  \\$a  SE
=LAS  \\$aW1606-1753$b00$c20171028$lBLL01$h1342
=SRC  \\$aBLDatasets$bstm_datasets_20110825_mrc.xml
=TCO  \\$aZZZ$c008

