=LDR  02057 ai a22004455a 4500
=001  015876872
=003  Uk
=005  20110825114532.0
=007  cr\|||||||||||
=008  \\\\\\c\\\\9999\\\\\\\\o\\\\\0\\\a2eng\\
=024  7\$astm20100719d$2local
=245  00$aHelsinki Commission Data Delivery Service$h[electronic resource].
=246  0\$aHELCOM Data Delivery Service
=260  \\$bHelsinki Commission
=336  \\$atext$2rdacontent
=337  \\$acomputer$2rdamedia
=338  \\$aonline resource$2rdacarrier
=506  \\$aData are free to access.
=516  \\$aimage/gif.
=520  \\$aThe Data Delivery Service visualises and enables download of GIS data on: protected areas; fishery closures; shipping traffic and accidents; shores sensitive to oil; infrastructure such as oil platforms and terminals, harbours, water treatment plants and response vessels; fish abundance, surveys and samples; fish farms and nitrogen and phosphorus loads. Political and geographical layers are also available showing economic areas, territorial waters and country borders; basins, catchments and depth contours.
=522  \\$aBaltic Sea.
=540  \\$aHELCOM data can be used freely for non-commercial purposes.
=584  \\$aAccepting data submissions: No.
=653  \\$aEnvironmental Impacts > Environmental Assessments.
=653  2\$aLiving With Environmental Change
=655  \7$aDataset.$2local
=655  \7$aObservational data.$2local
=690  7\$aResearch Datasets Collection$2blcoll
=710  2\$aHelsinki Commission
=856  40$uhttp://maps.helcom.fi/website/DataDelivery/viewer.htm$yResearch Datasets Collection
=859  \\$aXLD$bdatasets
=CAT  \\$aRESDATASET$b00$c20110825$lBLL01$h1145
=CAT  \\$aBATCH-UPD$b00$c20120821$lBLL01$h1643
=CAT  \\$aBATCH-UPD$b00$c20121018$lBLL01$h1010
=CAT  \\$aWR13.117$c20130718$lBLL01$h1857
=CAT  \\$aW1606-1753$c20171028$lBLL01$h1342
=FMT  \\$a  SE
=LAS  \\$aW1606-1753$b00$c20171028$lBLL01$h1342
=SRC  \\$aBLDatasets$bstm_datasets_20110825_mrc.xml
=TCO  \\$aZZZ$c008

