=LDR  02616 ai a2200577 a 4500
=001  015876873
=003  Uk
=005  20120125102727.0
=006  m\\\\\\\\m\|\\\\\\
=007  cr\|||||||||||
=008  110825c200u9999fi\uu\d\o\\\\\0\\\a2eng\\
=024  7\$astm20100719e$2local
=040  \\$aUk$beng$cUk
=042  \\$aukblsr
=082  04$a333.9164$223
=245  00$a[Marine spatial planning]$h[electronic resource].
=246  3\$aHELCOM marine spatial planning
=260  \\$aHelsinki :$bHelsinki Commission
=336  \\$atext$2rdacontent
=337  \\$acomputer$2rdamedia
=338  \\$aonline resource$2rdacarrier
=500  \\$aTitle supplied by cataloguer (publisher's Web site, viewed ).
=506  \\$aData are free to access.
=516  \\$aimage/gif.
=520  \\$aThis resource allows the visualisation of data in the Baltic sea to facilitate marine planning. GIS data that can be displayed includes: infrastructure parameters such as harbours, oil terminals and oil platforms; navigation lines; accidents and accident risk areas; illegal oil discharges; ecologically important areas such as protected areas, closed fisheries, UNESCO reserves and sensitive shorelines and finally political and geographical aspects, including territorial waters, exclusive economic zones (EEZs) and sea depths. Users can create plans on the map which can then be viewed by others.
=522  \\$aBaltic Sea.
=538  \\$aMode of access: World Wide Web.
=540  \\$aHELCOM data can be used freely for non-commercial purposes.
=584  \\$aAccepting data submissions: No.
=653  2\$aLiving With Environmental Change
=655  \7$aDataset.$2local
=655  \7$aObservational data.$2local
=655  \7$aMonitoring data.$2local
=655  \7$aReference data.$2local
=690  7\$aResearch Datasets Collection$2blcoll
=710  2\$aBaltic Marine Environment Protection Commission.
=856  40$uhttp://maps.helcom.fi/website/MSP_development/viewer.htm$yResearch Datasets Collection
=859  \\$aXLD$bdatasets
=CAT  \\$aRESDATASET$b00$c20110825$lBLL01$h1145
=CAT  \\$a7332$b40$c20111228$lBLL01$h1123
=CAT  \\$a7332$b40$c20111228$lBLL01$h1257
=CAT  \\$a7332$b40$c20120111$lBLL01$h1123
=CAT  \\$a7332$b40$c20120125$lBLL01$h1027
=CAT  \\$aBATCH-UPD$b40$c20120821$lBLL01$h1643
=CAT  \\$aBATCH-UPD$b40$c20121018$lBLL01$h1009
=CAT  \\$aWR13.117$c20130718$lBLL01$h1857
=CAT  \\$aW1606-1753$c20171028$lBLL01$h1342
=FMT  \\$a  SE
=LAS  \\$aW1606-1753$b00$c20171028$lBLL01$h1342
=SRC  \\$aBLDatasets$bstm_datasets_20110825_mrc.xml
=TCO  \\$aZZZ$c008

