=LDR  02645 ai a2200577 a 4500
=001  015876878
=003  Uk
=005  20120106153035.0
=006  m\\\\\\\\m\|\\\\\\
=007  cr\|||||||||||
=008  110825c200u9999xxuuu\d\o\\\\\0\\\a2eng\\
=024  7\$astm20100729c$2local
=040  \\$aUk$beng$cUk
=042  \\$aukblsr
=082  04$a363.7063$223
=245  00$aUNSD environmental indicators$h[electronic resource].
=260  \\$aNew York :$bUnited Nations Statistics Division
=336  \\$atext$2rdacontent
=337  \\$acomputer$2rdamedia
=338  \\$aonline resource$2rdacarrier
=500  \\$aTitle from home page (viewed on Jan. 6, 2012).
=506  \\$aData are free to access.
=516  \\$atext/html; application/pdf.
=520  \\$aData covers environmental indicators where comparable data exists and covers: Air and climate (ozone depleting substances, NOx, SO2, CO2, CH4 and N2O emissions); biodiversity (marine and terrestrial protected areas); energy and minerals (energy use and renewable electricity production); forestry (forested area); inland water resources (including waste water treatment); land and agriculture (agricultural land, use of fertilisers); natural disasters (climatological, geophysical, hydrological and meteorological disasters) and waste (generation, collection and treatment). Data tables are displayed with maps of data available in PDF format.
=538  \\$aMode of access: World Wide Web.
=540  \\$aNot stated.
=584  \\$aData is aggregated by UNSD from international sources.
=584  \\$aAccepting data submissions: No.
=650  \0$aEnvironmental indicators$vDatabases.
=650  \0$aEnvironmental monitoring$vDatabases.
=650  \0$aEcology$xResearch$vDatabases.
=653  2\$aLiving With Environmental Change
=655  \7$aDataset.$2local
=655  \7$aStatistics.$2local
=655  \7$aMonitoring data.$2local
=655  \7$aReference data.$2local
=690  7\$aResearch Datasets Collection$2blcoll
=710  2\$aUnited Nations.$bStatistical Division.
=856  40$uhttp://unstats.un.org/unsd/environment/qindicators.htm$yResearch Datasets Collection
=859  \\$aXLD$bdatasets
=CAT  \\$aRESDATASET$b00$c20110825$lBLL01$h1145
=CAT  \\$a7332$b40$c20120106$lBLL01$h1530
=CAT  \\$aBATCH-UPD$b40$c20120821$lBLL01$h1643
=CAT  \\$aBATCH-UPD$b40$c20121018$lBLL01$h1010
=CAT  \\$aWR13.117$c20130718$lBLL01$h1857
=CAT  \\$aW1606-1753$c20171028$lBLL01$h1342
=FIN  \\$aY$d20120106
=FMT  \\$a  SE
=LAS  \\$aW1606-1753$b00$c20171028$lBLL01$h1342
=SRC  \\$aBLDatasets$bstm_datasets_20110825_mrc.xml
=TCO  \\$aZZZ$c008

