=LDR  02640 ai a2200577 a 4500
=001  015876879
=003  Uk
=005  20111108074824.0
=006  m\\\\\\\\m\|\\\\\\
=007  cr\|||||||||||
=008  110825c200u9999xx\uu\d\o\s\\\0\\\a2eng\\
=024  7\$astm20100729b$2local
=040  \\$aUk$beng$cUk
=042  \\$aukblsr
=082  04$a363.73874$223
=245  00$aGHG data from UNFCCC$h[electronic resource].
=246  3\$aGreenhouse gas data from United Nations Framework Convention on Climate Change
=260  \\$a[S.l.] :$bUnited Nations Framework Convention on Climate Change
=336  \\$atext$2rdacontent
=337  \\$acomputer$2rdamedia
=338  \\$aonline resource$2rdacarrier
=500  \\$aTitle from home page (viewed on Nov. 8, 2011).
=506  \\$aData are free to access.
=516  \\$atext/html; application/msexcel; text/csv.
=520  \\$aData are given on greenhouse gas emission from countries party to the UN Framework Convention on Climate Change. Using the right-hand menu of the resource, data is given for time series of gases or releases by sector from parties in Annex 1; detailed data by country and year; country-wise comparisons by gas released and category. Gases include carbon dioxide (CO2), methane (CH4), nitrogen dioxide (N2O), hydro- and per- fluorocarbons (HFCs and PFCs) and sulphur hexafluoride (SF6).
=538  \\$aMode of access: World Wide Web.
=540  \\$aNot stated.
=584  \\$aData are from official submissions by countries that are Parties to the Climate Change Convention.
=584  \\$aAccepting data submissions: No.
=650  \0$aGreenhouse gases$vStatistics$vDatabases.
=650  \0$aFluorocarbons$vStatistics$vDatabases.
=653  2\$aLiving With Environmental Change
=655  \7$aDataset.$2local
=655  \7$aStatistics.$2local
=655  \7$aMonitoring data.$2local
=655  \7$aReference data.$2local
=690  7\$aResearch Datasets Collection$2blcoll
=710  2\$aUnited Nations Framework Convention on Climate Change (Organization)
=856  40$uhttp://unfccc.int/ghg_data/ghg_data_unfccc/items/4146.php$yResearch Datasets Collection
=859  \\$aXLD$bdatasets
=CAT  \\$aRESDATASET$b00$c20110825$lBLL01$h1145
=CAT  \\$a7332$b40$c20111108$lBLL01$h0748
=CAT  \\$aBATCH-UPD$b40$c20120821$lBLL01$h1643
=CAT  \\$aBATCH-UPD$b40$c20121018$lBLL01$h1010
=CAT  \\$aWR13.117$c20130718$lBLL01$h1857
=CAT  \\$aW1606-1753$c20171028$lBLL01$h1342
=FIN  \\$aY$d20111108
=FMT  \\$a  SE
=LAS  \\$aW1606-1753$b00$c20171028$lBLL01$h1342
=SRC  \\$aBLDatasets$bstm_datasets_20110825_mrc.xml
=TCO  \\$aZZZ$c008

