=LDR  02506 ai a2200613 a 4500
=001  015876880
=003  Uk
=005  20120105150832.0
=006  m\\\\\\\\m\|\\\\\\
=007  cr\|||||||||||
=008  110825c200u9999fr\uu\d\o\s\\\0\\\a2eng\\
=024  7\$astm20100729a$2local
=040  \\$aUk$beng$cUk
=042  \\$aukblsr
=082  04$a333.79021$223
=245  00$aStatistics and balances$h[electronic resource] /$cInternational Energy Agency.
=260  \\$aParis :$bInternational Energy Agency
=336  \\$atext$2rdacontent
=337  \\$acomputer$2rdamedia
=338  \\$aonline resource$2rdacarrier
=500  \\$aTitle from home page (viewed on Jan. 5, 2012).
=506  \\$aMostly free to access, some data incur handling fees.
=516  \\$atext/html.
=520  \\$aProvides statistics and balances for energy production, consumption, export and export in OECD countries as well as those outside of the OECD for 2007. Includes data for oil, natural gas, coal and peat, renewables and electricity. These can be displayed by country or region. Monthly oil and gas data are available but access requires payment.
=538  \\$aMode of access: World Wide Web.
=540  \\$aNot stated.
=584  \\$aData are collected by the IEA.
=584  \\$aAccepting data submissions: No.
=650  \0$aPetroleum industry and trade$vDatabases.
=650  \0$aEnergy industries$vStatistics$vDatabases.
=650  \0$aEnergy development$vStatistics$vDatabases.
=650  \0$aEnergy consumption$vStatistics$vDatabases.
=650  \0$aPower resources$vStatistics$vDatabases.
=653  2\$aLiving With Environmental Change
=655  \7$aDataset.$2local
=655  \7$aLongitudinal data.$2local
=655  \7$aStatistics.$2local
=655  \7$aReference data.$2local
=690  7\$aResearch Datasets Collection$2blcoll
=710  2\$aInternational Energy Agency.
=856  40$uhttp://www.iea.org/stats/index.asp$yResearch Datasets Collection
=859  \\$aXLD$bdatasets
=CAT  \\$aRESDATASET$b00$c20110825$lBLL01$h1145
=CAT  \\$a7332$b40$c20120105$lBLL01$h1507
=CAT  \\$a7332$b40$c20120105$lBLL01$h1508
=CAT  \\$aBATCH-UPD$b40$c20120821$lBLL01$h1643
=CAT  \\$aBATCH-UPD$b40$c20121018$lBLL01$h1010
=CAT  \\$aWR13.117$c20130718$lBLL01$h1857
=CAT  \\$aW1606-1753$c20171028$lBLL01$h1342
=FIN  \\$aY$d20120105
=FMT  \\$a  SE
=LAS  \\$aW1606-1753$b00$c20171028$lBLL01$h1342
=SRC  \\$aBLDatasets$bstm_datasets_20110825_mrc.xml
=TCO  \\$aZZZ$c008

