=LDR  02273 ai a2200553 a 4500
=001  015876881
=003  Uk
=005  20111229131457.0
=006  m\\\\\\\\m\|\\\\\\
=007  cr\|||||||||||
=008  110825c200u9999ke\uu\d\o\\\\\0\\\a2eng\\
=024  7\$astm20100729d$2local
=040  \\$aUk$beng$cUk
=042  \\$aukblsr
=082  04$a363.73875$223
=245  00$aData access centre$h[electronic resource].
=260  \\$aNairobi :$bUnited Nations Environment Programme, Ozone Secretariat
=336  \\$atext$2rdacontent
=337  \\$acomputer$2rdamedia
=338  \\$aonline resource$2rdacarrier
=500  \\$aTitle from home page (viewed on Dec. 29, 2011).
=506  \\$aData are free to access.
=516  \\$atext/htm; text/csv.
=520  \\$aProvides data on the consumption and production of ozone depleting substances (ODS) for critical or essential use, laboratory or analytical uses, methyl bromide for quarantine and pre-shipment use and exports of recovered, recycled or reclaimed ODSs. Data is queried by country and year or groups of parties, e.g. the European Union or by continent.
=538  \\$aMode of access: World Wide Web.
=540  \\$aNot stated.
=584  \\$aData are collated by the UNEP Ozone Secretariat.
=584  \\$aAccepting data submissions: No.
=650  \0$aOzone-depleting substances$vDatabases.
=653  2\$aLiving With Environmental Change
=655  \7$aDataset.$2local
=655  \7$aObservational data.$2local
=655  \7$aMonitoring data.$2local
=655  \7$aReference data.$2local
=690  7\$aResearch Datasets Collection$2blcoll
=710  2\$aUnited Nations Environment Programme.$bOzone Secretariat.
=856  40$uhttp://ozone.unep.org/Data_Reporting/Data_Access/$yResearch Datasets Collection
=859  \\$aXLD$bdatasets
=CAT  \\$aRESDATASET$b00$c20110825$lBLL01$h1145
=CAT  \\$a7332$b40$c20111229$lBLL01$h1314
=CAT  \\$aBATCH-UPD$b40$c20120821$lBLL01$h1643
=CAT  \\$aBATCH-UPD$b40$c20121018$lBLL01$h1010
=CAT  \\$aWR13.117$c20130718$lBLL01$h1857
=CAT  \\$aW1606-1753$c20171028$lBLL01$h1342
=FIN  \\$aY$d20111229
=FMT  \\$a  SE
=LAS  \\$aW1606-1753$b00$c20171028$lBLL01$h1342
=SRC  \\$aBLDatasets$bstm_datasets_20110825_mrc.xml
=TCO  \\$aZZZ$c008

