=LDR  02462 ai a2200649 a 4500
=001  015876882
=003  Uk
=005  20120104142003.0
=006  m\\\\\\\\m\|\\\\\\
=007  cr\|||||||||||
=008  110825c200u9999sw\uu\d\o\\\\\0\\\a2eng\\
=024  7\$astm20100804l$2local
=040  \\$aUk$beng$cUk
=041  0\$aeng$aswe
=042  \\$aukblsr
=082  04$a578.4209485$223
=245  00$aFenology$h[electronic resource].
=246  1\$iSwedish interface title:$aFenologi
=246  3\$aPhenology
=260  \\$aUppsala :$bSwedish Species Information Centre
=336  \\$atext$2rdacontent
=337  \\$acomputer$2rdamedia
=338  \\$aonline resource$2rdacarrier
=500  \\$aTitle from home page (viewed on Dec. 29, 2011).
=506  \\$aData are free to access.
=516  \\$aimage/gif.
=520  \\$aIndicates species occurrence and abundance on a map of Sweden and allows the visualisation of these by month to chart the change in population over a year. A second map is given so that different years or different species in the same year can be compared.
=522  \\$aSweden.
=538  \\$aMode of access: World Wide Web.
=540  \\$aNot stated.
=546  \\$aInterface in English and Swedish.
=584  \\$aData are collected by the Swedish Species Information Centre and Swedish EPA.
=584  \\$aAccepting data submissions: No.
=650  \0$aPhenology$zSweden$vDatabases.
=650  \0$aBiogeography$zSweden$vDatabases.
=653  2\$aLiving With Environmental Change
=655  \7$aDataset.$2local
=655  \7$aObservational data.$2local
=655  \7$aLongitudinal data.$2local
=655  \7$aReference data.$2local
=690  7\$aResearch Datasets Collection$2blcoll
=710  1\$aSweden.$bStatens naturvårdsverk.
=710  2\$aSveriges lantbruksuniversitet.$bArtDatabanken.
=856  40$uhttp://artportalen.se/fenologi.asp$yResearch Datasets Collection
=859  \\$aXLD$bdatasets
=CAT  \\$aRESDATASET$b00$c20110825$lBLL01$h1145
=CAT  \\$a7332$b40$c20111229$lBLL01$h1132
=CAT  \\$a7332$b40$c20120104$lBLL01$h1420
=CAT  \\$aBATCH-UPD$b40$c20120821$lBLL01$h1643
=CAT  \\$aBATCH-UPD$b40$c20121018$lBLL01$h1010
=CAT  \\$aWR13.117$c20130718$lBLL01$h1857
=CAT  \\$aW1606-1753$c20171028$lBLL01$h1342
=FIN  \\$aY$d20111229
=FMT  \\$a  SE
=LAS  \\$aW1606-1753$b00$c20171028$lBLL01$h1342
=SRC  \\$aBLDatasets$bstm_datasets_20110825_mrc.xml
=TCO  \\$aZZZ$c008

