=LDR  02749 ai a2200625 a 4500
=001  015876883
=003  Uk
=005  20120724133049.0
=006  m\\\\\\\\m\|\\\\\\
=007  cr\|||||||||||
=008  110825c200u9999au\uu\d\o\\\\\0\\\a2eng\\
=024  7\$astm20100816ab$2local
=040  \\$aUk$beng$cUk
=042  \\$aukblsr
=082  04$a577.276$223
=245  00$aOfficially reported emission data$h[electronic resource].
=260  \\$aVienna :$bCentre on Emission Inventories and Projections
=336  \\$atext$2rdacontent
=337  \\$acomputer$2rdamedia
=338  \\$aonline resource$2rdacarrier
=500  \\$aTitle from home page (viewed on Jan. 6, 2012).
=506  \\$aData are free to access.
=516  \\$atext/html; text/csv; text/plain.
=520  \\$aEmissions data submitted by parties to the Convention on Long Range Transboundary Air Pollution. Pollutant data includes carbon monoxide (CO), ammonia (NH3), non-methane volatile organic compounds (NMVOCs), nitrogen and sulphur oxides (NOx, SOx), heavy metals (arsenic, cadmium, chromium, copper, mercury, nickel, lead, selenium, zinc) and persistent organic pollutants.
=538  \\$aMode of access: World Wide Web.
=540  \\$aNot stated.
=584  \\$aData are submitted by Parties to the Convention on Long Range Transboundary Air Pollution.
=584  \\$aAccepting data submissions: No.
=650  \0$aAir$xPollution$vDatabases.
=650  \0$aAir quality$vDatabases.
=653  2\$aLiving With Environmental Change
=655  \7$aDataset.$2local
=655  \7$aObservational data.$2local
=655  \7$aReference data.$2local
=690  7\$aResearch Datasets Collection$2blcoll
=710  1\$aAustria.$bUmweltbundesamt.
=710  2\$aCentre on Emission Inventories and Projections.
=710  2\$aConvention on Long-range Transboundary Air Pollution.
=710  2\$aCooperative Programme for Monitoring and Evaluation of the Long-range Transmission of Air Pollutants in Europe.
=856  40$uhttp://www.ceip.at/webdab-emission-database/officially-reported-emission-data/$yResearch Datasets Collection
=859  \\$aXLD$bdatasets
=CAT  \\$aRESDATASET$b00$c20110825$lBLL01$h1145
=CAT  \\$a7332$b40$c20120106$lBLL01$h1323
=CAT  \\$a7332$b40$c20120228$lBLL01$h1556
=CAT  \\$a7332$b40$c20120724$lBLL01$h1330
=CAT  \\$aBATCH-UPD$b40$c20120821$lBLL01$h1643
=CAT  \\$aBATCH-UPD$b40$c20121018$lBLL01$h1009
=CAT  \\$aWR13.117$c20130718$lBLL01$h1857
=CAT  \\$aBATCH-UPD$b00$c20160924$lBLL01$h0257
=CAT  \\$aW1606-1753$c20171028$lBLL01$h1342
=FIN  \\$aY$d20120106
=FMT  \\$a  SE
=LAS  \\$aW1606-1753$b00$c20171028$lBLL01$h1342
=SRC  \\$aBLDatasets$bstm_datasets_20110825_mrc.xml
=TCO  \\$aZZZ$c008

