=LDR  02586 ai a2200613 a 4500
=001  015876884
=003  Uk
=005  20111229103343.0
=006  m\\\\\\\\m\|\\\\\\
=007  cr\|||||||||||
=008  110825c200u9999sw\uu\d\o\s\\\0\\\a2swe\\
=024  7\$astm20100816z$2local
=040  \\$aUk$beng$cUk
=041  0\$aswe$aeng
=042  \\$aukblsr
=082  04$a333.7509485$223
=245  00$aTillståndet i skogen$h[electronic resource] :$btabeller & figurer.
=246  3\$aForest conditions :$btables & figures
=260  \\$aJönköping :$bSwedish Forest Agency
=336  \\$atext$2rdacontent
=337  \\$acomputer$2rdamedia
=338  \\$aonline resource$2rdacarrier
=500  \\$aTitle from home page (viewed on Dec. 29, 2011).
=506  \\$aData are free to access.
=516  \\$aapplication/msexcel.
=520  \\$aGives statistics on Swedish forest conditions based on old forest, deadwood, defoliation in Scots pine and Norway spruce, moose grazing damage and carbon stock in biomass. Data can be downloaded in Excel and navigated using the options on the right-hand side of the page. The pages presenting data files are now only available in Swedish, but the data files themselves contain English translations of parameters.
=522  \\$aSweden (nation).
=538  \\$aMode of access: World Wide Web.
=540  \\$aNot stated.
=546  \\$aText chiefly in Swedish, with some English.
=584  \\$aData are collected by the Swedish Forestry Agency.
=584  \\$aAccepting data submissions: No.
=650  \0$aForests and forestry$zSweden$vStatistics$vDatabases.
=653  2\$aLiving With Environmental Change
=655  \7$aDataset.$2local
=655  \7$aStatistics.$2local
=655  \7$aMonitoring data.$2local
=655  \7$aReference data.$2local
=690  7\$aResearch Datasets Collection$2blcoll
=710  1\$aSweden.$bSkogsstyrelsen.
=856  40$uhttp://www.skogsstyrelsen.se/Myndigheten/Statistik/Amnesomraden/Tillstandet-i-skogen/Tabeller--figurer/$yResearch Datasets Collection
=859  \\$aXLD$bdatasets
=CAT  \\$aRESDATASET$b00$c20110825$lBLL01$h1145
=CAT  \\$a7332$b40$c20111229$lBLL01$h1024
=CAT  \\$a7332$b40$c20111229$lBLL01$h1033
=CAT  \\$aBATCH-UPD$b40$c20120821$lBLL01$h1643
=CAT  \\$aBATCH-UPD$b40$c20121018$lBLL01$h1010
=CAT  \\$aWR13.117$c20130718$lBLL01$h1857
=CAT  \\$aW1606-1753$c20171028$lBLL01$h1342
=FIN  \\$aY$d20111229
=FMT  \\$a  SE
=LAS  \\$aW1606-1753$b00$c20171028$lBLL01$h1342
=SRC  \\$aBLDatasets$bstm_datasets_20110825_mrc.xml
=TCO  \\$aZZZ$c008

