=LDR  02804 ai a2200625 a 4500
=001  015876887
=003  Uk
=005  20111229105151.0
=006  m\\\\\\\\m\|\\\\\\
=007  cr\|||||||||||
=008  110825c200u9999sw\uu\d\o\s\\\0\\\a2eng\\
=024  7\$astm20100816p$2local
=040  \\$aUk$beng$cUk
=041  0\$aeng$bswe
=042  \\$aukblsr
=082  04$a333.9539709485$223
=245  00$aWood Fuel$h[electronic resource] :$btables and figures.
=246  1\$iSwedish interface title:$aTrädbränsle :$btabeller & figurer
=260  \\$aJönköping, Sweden :$bSwedish Forest Agency
=336  \\$atext$2rdacontent
=337  \\$acomputer$2rdamedia
=338  \\$aonline resource$2rdacarrier
=500  \\$aTitle from home page (publisher's Web site, viewed Sept. 7, 2011).
=506  \\$aData are free to access.
=516  \\$aapplication/msexcel.
=520  \\$aProvides statistics of wood as a fuel in Sweden. Includes data on: the sources of energy supplied and used in Sweden from 1999-2008; use of biofuels for energy production by sector 1999-2008; use of biofuels in industry and for district heating 1980-2008; wood fuel sales by fuel type 1995-2008 and the removal of forest fuel by region and ownership 1999-2003. Data can be downloaded in Excel format, graphs are provided. The pages presenting data files are now only available in Swedish, but the data files themselves contain English translations of parameters.
=522  \\$aSweden.
=538  \\$aMode of access: World Wide Web.
=540  \\$aNot stated.
=546  \\$aIn English and Swedish.
=584  \\$aData are collected by the Swedish Forest Agency.
=584  \\$aAccepting data submissions: No.
=650  \0$aFuelwood consumption$zSweden$vStatistics$vDatabases.
=650  \0$aBiomass energy$zSweden$vStatistics$vDatabases.
=653  2\$aLiving With Environmental Change
=655  \7$aDataset.$2local
=655  \7$aStatistics.$2local
=655  \7$aMonitoring data.$2local
=655  \7$aReference data.$2local
=690  7\$aResearch Datasets Collection$2blcoll
=710  1\$aSweden.$bSkogsstyrelsen.
=856  40$uhttp://www.skogsstyrelsen.se/en/AUTHORITY/Statistics/Subject-Areas/Wood-Fuel/Tables-and-figures/$yResearch Datasets Collection
=859  \\$aXLD$bdatasets
=CAT  \\$aRESDATASET$b00$c20110825$lBLL01$h1145
=CAT  \\$a7332$b40$c20110909$lBLL01$h0805
=CAT  \\$a7332$b40$c20111229$lBLL01$h1051
=CAT  \\$aBATCH-UPD$b40$c20120821$lBLL01$h1643
=CAT  \\$aBATCH-UPD$b40$c20121018$lBLL01$h1010
=CAT  \\$aWR13.117$c20130718$lBLL01$h1857
=CAT  \\$aW1606-1753$c20171028$lBLL01$h1342
=FIN  \\$aY$d20110909
=FMT  \\$a  SE
=LAS  \\$aW1606-1753$b00$c20171028$lBLL01$h1342
=SRC  \\$aBLDatasets$bstm_datasets_20110825_mrc.xml
=TCO  \\$aZZZ$c008

