=LDR  02258 ai a2200577 a 4500
=001  015876889
=003  Uk
=005  20111203092036.0
=006  m\\\\\\\\m\|\\\\\\
=007  cr\|||||||||||
=008  110825c200u9999nz\uu\d\o\\\\\0\\\a2eng\\
=024  7\$astm20100816r$2local
=040  \\$aUk$beng$cUk
=042  \\$aukblsr
=082  04$a578.62$223
=245  00$aGlobal invasive species database$h[electronic resource].
=246  3\$aGISD
=260  \\$aAuckland :$bInvasive Species Specialist Group
=336  \\$atext$2rdacontent
=337  \\$acomputer$2rdamedia
=338  \\$aonline resource$2rdacarrier
=500  \\$aTitle from home page (viewed on Dec. 3, 2011).
=506  \\$aData are free to access.
=516  \\$atext/html.
=520  \\$aGISD aims to provide information on invasive species that threaten native biodiversity, to aid management and prevention of biological invasions. Data provided on species includes ecology, distribution, management practices and impacts. Species can be queried by name, location, habitat or organism type.
=538  \\$aMode of access: World Wide Web.
=540  \\$aNot stated.
=584  \\$aData are collated by the ISSG.
=650  \0$aIntroduced organisms$vDatabases.
=650  \0$aNonindigenous pests$vDatabases.
=653  2\$aLiving With Environmental Change
=655  \7$aDataset.$2local
=655  \7$aObservational data.$2local
=655  \7$aMonitoring data.$2local
=655  \7$aReference data.$2local
=690  7\$aResearch Datasets Collection$2blcoll
=710  2\$aIUCN--The World Conservation Union.$bInvasive Species Specialist Group.
=710  2\$aGlobal Invasive Species Programme.
=856  40$uhttp://www.issg.org/database/welcome/$yResearch Datasets Collection
=859  \\$aXLD$bdatasets
=CAT  \\$aRESDATASET$b00$c20110825$lBLL01$h1145
=CAT  \\$a7332$b40$c20111203$lBLL01$h0920
=CAT  \\$aBATCH-UPD$b40$c20120821$lBLL01$h1643
=CAT  \\$aBATCH-UPD$b40$c20121018$lBLL01$h1010
=CAT  \\$aWR13.117$c20130718$lBLL01$h1857
=CAT  \\$aW1606-1753$c20171028$lBLL01$h1342
=FIN  \\$aY$d20111203
=FMT  \\$a  SE
=LAS  \\$aW1606-1753$b00$c20171028$lBLL01$h1342
=SRC  \\$aBLDatasets$bstm_datasets_20110825_mrc.xml
=TCO  \\$aZZZ$c008

