=LDR  02700 ai a2200601 a 4500
=001  015876890
=003  Uk
=005  20111101130639.0
=006  m\\\\\\\\m\|\\\\\\
=007  cr\|||||||||||
=008  110825c200u9999xxcuu\d\o\\\\\0\\\a2eng\\
=024  7\$astm20100816q$2local
=040  \\$aUk$beng$cUk
=042  \\$aukblsr
=082  04$a578.620975518$223
=245  00$aChesapeake Bay introduced species database$h[electronic resource].
=260  \\$a[United States] :$bMarine Invasions Research Laboratory, Smithsonian Environmental Research Center
=336  \\$atext$2rdacontent
=337  \\$acomputer$2rdamedia
=338  \\$aonline resource$2rdacarrier
=500  \\$aTitle from home page (viewed on Oct. 25, 2011).
=506  \\$aData are free to access.
=516  \\$atext/html.
=520  \\$aGives data on invasive species in the Chesapeake Bay, covering its tributaries to the head of tidewater, tidal wetlands up to the monthly mean high-tide line and adjacent Atlantic waters and coastal bays. Queries for a species will provide data on taxonomy, invasion history, ecology (including environmental tolerances, reproduction and development, habitat preferences and trophic interactions) and impacts of invasives.
=522  \\$aChesapeake Bay.
=538  \\$aMode of access: World Wide Web.
=540  \\$aNot stated.
=584  \\$aData are collected by the Smithsonian Environmental Research Center.
=584  \\$aAccepting data submissions: No.
=650  \0$aBiodiversity$zChesapeake Bay (Md. and Va.)$vDatabases.
=650  \0$aIntroduced organisms$zChesapeake Bay (Md. and Va.)$vDatabases.
=650  \0$aInvasive plants$zChesapeake Bay (Md. and Va.)$vDatabases.
=653  2\$aLiving With Environmental Change
=655  \7$aDataset.$2local
=655  \7$aObservational data.$2local
=655  \7$aReference data.$2local
=690  7\$aResearch Datasets Collection$2blcoll
=710  2\$aMarine Invasions Research Laboratory.
=710  2\$aNational Estuarine and Marine Exotic Species Information System (United States)
=856  40$uhttp://invasions.si.edu/nemesis/chesapeake.html$yResearch Datasets Collection
=859  \\$aXLD$bdatasets
=CAT  \\$aRESDATASET$b00$c20110825$lBLL01$h1145
=CAT  \\$a7332$b40$c20111025$lBLL01$h1026
=CAT  \\$a7332$b40$c20111101$lBLL01$h1306
=CAT  \\$aBATCH-UPD$b40$c20120821$lBLL01$h1643
=CAT  \\$aBATCH-UPD$b40$c20121018$lBLL01$h1010
=CAT  \\$aWR13.117$c20130718$lBLL01$h1857
=CAT  \\$aW1606-1753$c20171028$lBLL01$h1342
=FIN  \\$aY$d20111025
=FMT  \\$a  SE
=LAS  \\$aW1606-1753$b00$c20171028$lBLL01$h1342
=SRC  \\$aBLDatasets$bstm_datasets_20110825_mrc.xml
=TCO  \\$aZZZ$c008

