=LDR  02323 ai a2200625 a 4500
=001  015876891
=003  Uk
=005  20130425084836.0
=006  m\\\\\\\\m\|\\\\\\
=007  cr\|||||||||||
=008  110825c200u9999pl\uu\d\o\\\\\0\\\a2eng\\
=024  7\$astm20100816l$2local
=040  \\$aUk$beng$cUk$dUk
=041  0\$aeng$apol
=042  \\$aukblsr
=082  04$a578.6209438$223
=245  00$aAlien species in Poland$h[electronic resource].
=246  1\$iPolish interface title:$aGatunki Obce w Polsce
=260  \\$aKrakoÌw :$bInstitute of Nature Conservation
=336  \\$atext$2rdacontent
=337  \\$acomputer$2rdamedia
=338  \\$aonline resource$2rdacarrier
=500  \\$aTitle from home page (viewed on Oct. 25, 2011).
=506  \\$aData are free to access.
=516  \\$atext/html.
=520  \\$aProvides information on alien species recorded in Poland, including a map displaying current distribution and point of introduction and giving details of impacts.
=538  \\$aMode of access: World Wide Web.
=540  \\$aNot stated.
=546  \\$aInterface in English and Polish.
=584  \\$aRecords of 1146 alien species.
=584  \\$aAccepting data submissions: No.
=650  \0$aBiodiversity$zPoland$vDatabases.
=650  \0$aIntroduced organisms$zPoland$vDatabases.
=650  \0$aInvasive plants$zPoland$vDatabases.
=653  2\$aLiving With Environmental Change
=655  \7$aDataset.$2local
=655  \7$aObservational data.$2local
=655  \7$aReference data.$2local
=690  7\$aResearch Datasets Collection$2blcoll
=710  2\$aPolska Akademia Nauk.$bInstytut Ochrony Przyrody.
=856  40$uhttp://www.iop.krakow.pl/ias/species$yResearch Datasets Collection
=859  \\$aXLD$bdatasets
=CAT  \\$aRESDATASET$b00$c20110825$lBLL01$h1145
=CAT  \\$a7332$b40$c20111025$lBLL01$h1043
=CAT  \\$a7332$b40$c20111101$lBLL01$h1240
=CAT  \\$aBATCH-UPD$b40$c20120821$lBLL01$h1643
=CAT  \\$aBATCH-UPD$b40$c20121018$lBLL01$h1010
=CAT  \\$a7332$b40$c20130425$lBLL01$h0848
=CAT  \\$aWR13.117$c20130718$lBLL01$h1857
=CAT  \\$aW1606-1753$c20171028$lBLL01$h1342
=FIN  \\$aY$d20111025
=FMT  \\$a  SE
=LAS  \\$aW1606-1753$b00$c20171028$lBLL01$h1342
=SRC  \\$aBLDatasets$bstm_datasets_20110825_mrc.xml
=TCO  \\$aZZZ$c008

