=LDR  02432 ai a2200565 a 4500
=001  015876892
=003  Uk
=005  20111203081856.0
=006  m\\\\\\\\m\|\\\\\\
=007  cr\|||||||||||
=008  110825c200u9999xxcuu\d\o\\\\\0\\\a2eng\\
=024  7\$astm20100824a$2local
=040  \\$aUk$beng$cUk
=042  \\$aukblsr
=082  04$a578.09711$223
=245  00$aBC species and ecosystems explorer$h[electronic resource].
=260  \\$aVictoria :$bBritish Columbia Conservation Data Centre
=336  \\$atext$2rdacontent
=337  \\$acomputer$2rdamedia
=338  \\$aonline resource$2rdacarrier
=500  \\$aTitle from home page (viewed on Dec. 3, 2011).
=506  \\$aData are free to access.
=516  \\$aapplication/msexcel; text/plain.
=520  \\$aProvides lists of species present in ecological communities or systems in British Columbia. These can then be filtered by conservation status, conservation framework and distribution. Individual species can be queried by name, group and origin (native or invasive). Once listed, the data can be exported to tab-delimitated text file or Excel. The observed locations of some species are displayed in map view, but some of these are restricted.
=522  \\$aBritish Columbia (province).
=538  \\$aMode of access: World Wide Web.
=540  \\$aNot stated.
=584  \\$aData are collated by the British Columbia CDC.
=584  \\$aAccepting data submissions: No.
=650  \0$aSpecies$zBritish Columbia$vDatabases.
=650  \0$aBiotic communities$zBritish Columbia$vDatabases.
=653  2\$aLiving With Environmental Change
=655  \7$aDataset.$2local
=655  \7$aReference data.$2local
=655  \7$aObservational data.$2local
=690  7\$aResearch Datasets Collection$2blcoll
=710  1\$aBritish Columbia.$bConservation Data Centre.
=856  40$uhttp://www.env.gov.bc.ca/atrisk/toolintro.html$yResearch Datasets Collection
=859  \\$aXLD$bdatasets
=CAT  \\$aRESDATASET$b00$c20110825$lBLL01$h1145
=CAT  \\$a7332$b40$c20111203$lBLL01$h0818
=CAT  \\$aBATCH-UPD$b40$c20120821$lBLL01$h1643
=CAT  \\$aBATCH-UPD$b40$c20121018$lBLL01$h1009
=CAT  \\$aWR13.117$c20130718$lBLL01$h1857
=CAT  \\$aW1606-1753$c20171028$lBLL01$h1342
=FIN  \\$aY$d20111203
=FMT  \\$a  SE
=LAS  \\$aW1606-1753$b00$c20171028$lBLL01$h1342
=SRC  \\$aBLDatasets$bstm_datasets_20110825_mrc.xml
=TCO  \\$aZZZ$c008

