=LDR  02669 ai a2200649 a 4500
=001  015876893
=003  Uk
=005  20120106114147.0
=006  m\\\\\\\\m\|\\\\\\
=007  cr\|||||||||||
=008  110825c200u9999xxcuu\d\o\s\\\0\\\a2eng\\
=024  7\$astm20100817a$2local
=040  \\$aUk$beng$cUk
=041  0\$aeng$afre
=042  \\$aukblsr
=082  04$a577.2760971$223
=245  00$aNational Air Pollution Surveillance Network data$h[electronic resource].
=246  1\$iFrench interface title:$aNSPA donneÌes
=246  3\$aNAPS data
=260  \\$aOttawa :$bEnvironmental Technology Centre
=336  \\$atext$2rdacontent
=337  \\$acomputer$2rdamedia
=338  \\$aonline resource$2rdacarrier
=500  \\$aTitle from Welcome page (viewed on Jan. 6, 2012).
=506  \\$aData are free to access.
=516  \\$atext/plain; application/pdf; application/msexcel.
=518  \\$a1974-01-01 - 2009-12-12.
=520  \\$aNAPS collates air quality data collected across Canada since 1974. Data is arranged in folders by year, with descriptions of the data format and codes held within the Web-Information folder. Data is in plain text and provides hourly data on parameters including carbon monoxide (CO), nitric oxide (NO), nitrogen dioxide (NO2), ozone (O3), particulates (pm25 and pm10) and sulphur dioxide.
=522  \\$aCanada.
=538  \\$aMode of access: World Wide Web.
=540  \\$aNot stated.
=546  \\$aInterface in English and French.
=584  \\$aData are collected by local authorities and submitted to NAPS.
=584  \\$aAccepting data submissions: No.
=650  \0$aAir$xPollution$zCanada$vStatistics$vDatabases.
=650  \0$aAir quality$zCanada$vStatistics$vDatabases.
=653  2\$aLiving With Environmental Change
=655  \7$aDataset.$2local
=655  \7$aMonitoring data.$2local
=655  \7$aLongitudinal data.$2local
=655  \7$aReference data.$2local
=690  7\$aResearch Datasets Collection$2blcoll
=710  1\$aCanada.$bEnvironment Canada.
=710  2\$aEnvironmental Technology Centre (Canada)
=856  40$uhttp://www.etc-cte.ec.gc.ca/napsdata/$yResearch Datasets Collection
=859  \\$aXLD$bdatasets
=CAT  \\$aRESDATASET$b00$c20110825$lBLL01$h1145
=CAT  \\$a7332$b40$c20120106$lBLL01$h1141
=CAT  \\$aBATCH-UPD$b40$c20120821$lBLL01$h1643
=CAT  \\$aBATCH-UPD$b40$c20121018$lBLL01$h1009
=CAT  \\$aWR13.117$c20130718$lBLL01$h1857
=CAT  \\$aW1606-1753$c20171028$lBLL01$h1342
=FIN  \\$aY$d20120106
=FMT  \\$a  SE
=LAS  \\$aW1606-1753$b00$c20171028$lBLL01$h1342
=SRC  \\$aBLDatasets$bstm_datasets_20110825_mrc.xml
=TCO  \\$aZZZ$c008

