=LDR  02348 ai a2200601 a 4500
=001  015876896
=003  Uk
=005  20110922135914.0
=006  m\\\\\\\\m\|\\\\\\
=007  cr\|||||||||||
=008  110825c200u9999xxcuu\d\o\\\\\0\\\a2eng\\
=024  7\$astm20101001f$2local
=040  \\$aUk$beng$cUk
=042  \\$aukblsr
=082  04$a578.6809711$223
=245  00$aMapped known locations of species and ecological communities at risk$h[electronic resource].
=260  \\$aVictoria :$bBritish Columbia Conservation Data Centre
=310  \\$aDaily
=336  \\$atext$2rdacontent
=337  \\$acomputer$2rdamedia
=338  \\$aonline resource$2rdacarrier
=500  \\$aTitle from home page (viewed on Sept. 22, 2011).
=506  \\$aData are free to access.
=516  \\$aapplication/msexcel.
=520  \\$aProvides a map view of species observed in British Columbia. Layers can be queried by species of interest and data on observations of those species can then be downloaded. Sensitive species are masked from public data.
=522  \\$aBritish Columbia (province).
=538  \\$aMode of access: World Wide Web.
=540  \\$aNot stated.
=584  \\$aData are aggregated by B.C. CDC.
=584  \\$aAccepting data submissions: No.
=650  \0$aEndangered species$zBritish Columbia$vDatabases.
=650  \0$aEndangered ecosystems$zBritish Columbia$vDatabases.
=650  \0$aBiogeography$zBritish Columbia$vDatabases.
=653  2\$aLiving With Environmental Change
=655  \7$aDataset.$2local
=655  \7$aObservational data.$2local
=655  \7$aMonitoring data.$2local
=655  \7$aReference data.$2local
=690  7\$aResearch Datasets Collection$2blcoll
=710  1\$aBritish Columbia.$bConservation Data Centre.
=856  40$uhttp://www.env.gov.bc.ca/atrisk/ims.htm$yResearch Datasets Collection
=859  \\$aXLD$bdatasets
=CAT  \\$aRESDATASET$b00$c20110825$lBLL01$h1145
=CAT  \\$a7332$b40$c20110922$lBLL01$h1359
=CAT  \\$aBATCH-UPD$b40$c20120821$lBLL01$h1643
=CAT  \\$aBATCH-UPD$b40$c20121018$lBLL01$h1009
=CAT  \\$aWR13.117$c20130718$lBLL01$h1857
=CAT  \\$aW1606-1753$c20171028$lBLL01$h1342
=FIN  \\$aY$d20110922
=FMT  \\$a  SE
=LAS  \\$aW1606-1753$b00$c20171028$lBLL01$h1342
=SRC  \\$aBLDatasets$bstm_datasets_20110825_mrc.xml
=TCO  \\$aZZZ$c008

