=LDR  02502 ai a2200613 a 4500
=001  015876897
=003  Uk
=005  20111216102600.0
=006  m\\\\\\\\m\|\\\\\\
=007  cr\|||||||||||
=008  110825c200u9999my\uu\d\o\\\\\0\\\a2eng\\
=024  7\$astm20100826b$2local
=040  \\$aUk$beng$cUk
=042  \\$aukblsr
=082  04$a333.9553$223
=245  00$aReefBase$h[electronic resource] :$ba global information system on coral reefs
=246  3\$aReefGIS
=260  \\$aPenang :$bWorldFish Center
=336  \\$atext$2rdacontent
=337  \\$acomputer$2rdamedia
=338  \\$aonline resource$2rdacarrier
=500  \\$aTitle from home page (viewed on Dec. 9, 2011).
=506  \\$aData are free to access.
=516  \\$aimage/png; image/jpg; image/tiff; text/plain; shapefile; application/msexcel.
=520  \\$aReefGIS maps data on the worlds coral reefs and the environmental threats they face. These can be displayed in the ReefGIS map visualisation, or downloaded in Shapefile, Excel or plain text from the Download link in the top-right of the interface. Snap-shots of the visualisation can also be taken and downloaded, but users wishing to download an enlargement of more than x2 must register.
=538  \\$aMode of access: World Wide Web.
=540  \\$aNot stated.
=584  \\$aData are collated by ReefBase.
=584  \\$aAccepting data submissions: No.
=650  \0$aCoral reefs and islands$vMaps$vDatabases.
=650  \0$aCorals$xGeographical distribution$vDatabases.
=650  \0$aCorals$xMonitoring$vDatabases.
=650  \0$aCoral reef conservation.
=653  2\$aLiving With Environmental Change
=655  \7$aDataset.$2local
=655  \7$aMonitoring data.$2local
=655  \7$aReference data.$2local
=690  7\$aResearch Datasets Collection$2blcoll
=710  2\$aReefBase (Project)
=710  2\$aWorldFish Center.
=856  40$uhttp://reefgis.reefbase.org/$yResearch Datasets Collection
=859  \\$aXLD$bdatasets
=CAT  \\$aRESDATASET$b00$c20110825$lBLL01$h1145
=CAT  \\$a7332$b40$c20111209$lBLL01$h1006
=CAT  \\$a7332$b40$c20111216$lBLL01$h1026
=CAT  \\$aBATCH-UPD$b40$c20120821$lBLL01$h1643
=CAT  \\$aBATCH-UPD$b40$c20121018$lBLL01$h1010
=CAT  \\$aWR13.117$c20130718$lBLL01$h1857
=CAT  \\$aW1606-1753$c20171028$lBLL01$h1342
=FIN  \\$aY$d20111209
=FMT  \\$a  SE
=LAS  \\$aW1606-1753$b00$c20171028$lBLL01$h1342
=SRC  \\$aBLDatasets$bstm_datasets_20110825_mrc.xml
=TCO  \\$aZZZ$c008

