=LDR  02709 ai a2200589 a 4500
=001  015876898
=003  Uk
=005  20130604081712.0
=006  m\\\\\\\\m\|\\\\\\
=007  cr\|||||||||||
=008  110825c200u9999enkuu\d\o\\\\\0\\\a2eng\\
=024  7\$astm20100826a$2local
=040  \\$aUk$beng$cUk
=042  \\$aukblsr
=082  04$a333.72072041$222
=245  00$aMAGIC :$h[electronic resource]$bdataset information and download facility.
=260  \\$aLeeds :$bNatural England
=336  \\$atext$2rdacontent
=337  \\$acomputer$2rdamedia
=338  \\$aonline resource$2rdacarrier
=500  \\$aTitle from home page (viewed on Dec. 29, 2011).
=506  \\$aUsers must register to access data.
=510  3\$uhttp://dx.doi.org/10.1016/j.compenvurbsys.2004.05.013
=516  \\$ashapefile; MapInfo TAB format.
=520  \\$aMAGIC provides geographic datasets from its 6 government partners. 29 datasets can be downloaded directly from MAGIC, including: Mollusc Harvesting Areas; English Heritage Regions; English Woodland Grant Scheme Areas; Felling Licence Agreements; Forestry Commission Conservancy Boundaries; Less Favoured Areas; Moorland Line; National Forest Nitrate; Vulnerable Zones; Nuclear Power Stations; Seabird Nesting Counts; Vulnerable Concentrations of Seabirds to Oil Spills by month. The location of additional datasets to download from the websites of individual agencies is provided, but access is not guaranteed.
=522  \\$aUnited Kingdom (nation).
=538  \\$aMode of access: World Wide Web.
=540  \\$aCrown Copyright.
=584  \\$aData are contributed by partners to the MAGIC project.
=584  \\$aAccepting data submissions: No.
=650  \0$aEnvironmental monitoring$zGreat Britain$vMaps$vDatabases.
=653  2\$aLiving With Environmental Change
=655  \7$aDataset.$2local
=655  \7$aObservational data.$2local
=655  \7$aReference data.$2local
=690  7\$aResearch Datasets Collection$2blcoll
=710  2\$aMAGIC (Project)
=856  40$uhttp://magic.defra.gov.uk/Dataset_Download_Summary.htm$yResearch Datasets Collection
=859  \\$aXLD$bdatasets
=CAT  \\$aRESDATASET$b00$c20110825$lBLL01$h1145
=CAT  \\$a7332$b40$c20111230$lBLL01$h0806
=CAT  \\$a7332$b40$c20120103$lBLL01$h1043
=CAT  \\$aBATCH-UPD$b40$c20120821$lBLL01$h1643
=CAT  \\$aBATCH-UPD$b40$c20121018$lBLL01$h1010
=CAT  \\$a7332$b40$c20130604$lBLL01$h0817
=CAT  \\$aWR13.117$c20130718$lBLL01$h1857
=CAT  \\$aW1606-1753$c20171028$lBLL01$h1342
=FIN  \\$aY$d20111230
=FMT  \\$a  SE
=LAS  \\$aW1606-1753$b00$c20171028$lBLL01$h1342
=SRC  \\$aBLDatasets$bstm_datasets_20110825_mrc.xml
=TCO  \\$aZZZ$c008

