=LDR  02932 ai a2200601 a 4500
=001  015876899
=003  Uk
=005  20120106150947.0
=006  m\\\\\\\\m\|\\\\\\
=007  cr\|||||||||||
=008  110825c200u9999xxuuu\d\o\\\\\0\\\a2eng\\
=024  7\$astm20100831f$2local
=040  \\$aUk$beng$cUk
=042  \\$aukblsr
=082  04$a578.09795$223
=245  00$aInteractive biodiversity information system.$pGIS data$h[electronic resource].
=246  3\$aIBIS
=260  \\$aCorvallis :$bNorthwest Habitat Institute
=336  \\$atext$2rdacontent
=337  \\$acomputer$2rdamedia
=338  \\$aonline resource$2rdacarrier
=500  \\$aTitle from home page (viewed on Jan. 6, 2012).
=506  \\$aData are free to access.
=516  \\$aESRI shapefile or ArcInfo formats.
=520  \\$aProvides biogeographic information on the Columbia River basin (CRB) and northwest pacific coast. GIS data sets cover: current and historic habitat types in the whole CRB and covering Oregon and Washington; the CRB basin boundary, ecoprovinces, subbasins and land stewardship status and ownership; Oregon specific vegetation and forest cover maps (crown closure, size, structure and species); Willamette Valley specific land use and cover, oak maps, mount Hood and Willamette National forest oak and pine maps and current and historic species range maps; current and historic species range maps covering fish, amphibians, reptile, birds and mammals and marine species range maps. Data is in ArcInfo or ESRI format.
=538  \\$aMode of access: World Wide Web.
=540  \\$aCopyright © 1998-2008 Northwest Habitat Institute, P.O. Box 855, Corvallis, OR, 97339, U.S.A.
=584  \\$aData are collected by NWHI.
=584  \\$aAccepting data submissions: No.
=650  \0$aBiogeography$zNorthwest, Pacific$vDatabases.
=650  \0$aBiogeography$zColumbia River Watershed$vDatabases.
=650  \0$aHabitat (Ecology)$zNorthwest, Pacific$vDatabases.
=650  \0$aHabitat (Ecology)$zColumbia River Watershed$vDatabases.
=653  2\$aLiving With Environmental Change
=655  \7$aDataset.$2local
=655  \7$aReference data.$2local
=655  \7$aMonitoring data.$2local
=690  7\$aResearch Datasets Collection$2blcoll
=710  2\$aNorthwest Habitat Institute.
=710  2\$aNorthwest Power and Conservation Council (U.S.)
=856  40$uhttp://www.nwhi.org/index/gisdata$yResearch Datasets Collection
=859  \\$aXLD$bdatasets
=CAT  \\$aRESDATASET$b00$c20110825$lBLL01$h1145
=CAT  \\$a7332$b40$c20120106$lBLL01$h1509
=CAT  \\$aBATCH-UPD$b40$c20120821$lBLL01$h1643
=CAT  \\$aBATCH-UPD$b40$c20121018$lBLL01$h1010
=CAT  \\$aWR13.117$c20130718$lBLL01$h1857
=CAT  \\$aW1606-1753$c20171028$lBLL01$h1342
=FIN  \\$aY$d20120106
=FMT  \\$a  SE
=LAS  \\$aW1606-1753$b00$c20171028$lBLL01$h1342
=SRC  \\$aBLDatasets$bstm_datasets_20110825_mrc.xml
=TCO  \\$aZZZ$c008

