=LDR  02490 ai a2200565 a 4500
=001  015876900
=003  Uk
=005  20111025083508.0
=006  m\\\\\\\\m\|\\\\\\
=007  cr\|||||||||||
=008  110825c200u9999enkuu\d\o\\\\\0\\\a2eng\\
=024  7\$astm20100826d$2local
=040  \\$aUk$beng$cUk
=042  \\$aukblsr
=082  04$a580.740942195$223
=245  00$aKew herbarium catalogue$h[electronic resource].
=260  \\$aLondon :$bRoyal Botanic Gardens, Kew
=336  \\$atext$2rdacontent
=337  \\$acomputer$2rdamedia
=338  \\$aonline resource$2rdacarrier
=500  \\$aTitle from home page (viewed on Oct. 25, 2011).
=506  \\$aData are free to access.
=516  \\$atext/csv; image/jpg.
=520  \\$aThe Herbarium Catalogue allows you to download data on Kew's digitised collections. Specimens can be queried by collector, family, genus, species and country, with filters for type specimens, specimens with images or those stored as dried or preserved in spirit. For each specimen, the date, place (newer specimens have coordinates) and habitat of collection and a description of the plant is given. Individual records can be downloaded and multiple records can be downloaded up to 1000 items in a set, users requiring a download of more than 1000 records must contact Kew.
=538  \\$aMode of access: World Wide Web.
=540  \\$aNot stated.
=584  \\$aData were created by Kew.
=584  \\$aAccepting data submissions: No.
=610  20$aRoyal Botanic Gardens, Kew$xCatalogs$vDatabases.
=610  20$aRoyal Botanic Gardens, Kew.$bHerbarium$vDatabases.
=653  2\$aLiving With Environmental Change
=655  \7$aDataset.$2local
=655  \7$aPhysical data.$2local
=655  \7$aMonitoring data.$2local
=655  \7$aReference data.$2local
=690  7\$aResearch Datasets Collection$2blcoll
=710  2\$aRoyal Botanic Gardens, Kew.
=856  40$uhttp://apps.kew.org/herbcat/gotoHomePage.do$yResearch Datasets Collection
=859  \\$aXLD$bdatasets
=CAT  \\$aRESDATASET$b00$c20110825$lBLL01$h1145
=CAT  \\$a7332$b40$c20111025$lBLL01$h0835
=CAT  \\$aBATCH-UPD$b40$c20120821$lBLL01$h1643
=CAT  \\$aBATCH-UPD$b40$c20121018$lBLL01$h1010
=CAT  \\$aWR13.117$c20130718$lBLL01$h1857
=CAT  \\$aW1606-1753$c20171028$lBLL01$h1342
=FIN  \\$aY$d20111025
=FMT  \\$a  SE
=LAS  \\$aW1606-1753$b00$c20171028$lBLL01$h1342
=SRC  \\$aBLDatasets$bstm_datasets_20110825_mrc.xml
=TCO  \\$aZZZ$c008

