=LDR  02097 ai a22005535a 4500
=001  015876901
=003  Uk
=005  20131002081951.0
=006  m\\\\\\\\m\|\\\\\\
=007  cr\|||||||||||
=008  110825c200u9999it\uu\d\o\\\\\0\\\a2eng\\
=024  7\$astm20110114i$2local
=040  \\$aUk$beng$cUk$dUk
=042  \\$aukblsr
=082  04$a551.483094$223
=245  00$a[CCM river and catchment database]$h[electronic resource].
=246  3\$aCCM2
=260  \\$aIspra :$bIES
=336  \\$atext$2rdacontent
=337  \\$acomputer$2rdamedia
=338  \\$aonline resource$2rdacarrier
=500  \\$aTitle supplied by cataloguer (publisher's Web site, viewed on Apr. 4, 2012).
=506  \\$aUsers must register to access data.
=520  \\$aThe River and Catchment Database provides ArcGIS files of European river catchments and lakes. Data are free for non-commercial use only, and users must register in order to download data.
=538  \\$aMode of access: World Wide Web.
=540  \\$aNot stated.
=584  \\$aAccepting data submissions: no.
=650  \0$aWatersheds$zEurope$vDatabases.
=650  \0$aRivers$zEurope$vDatabases.
=653  2\$aFlooding
=655  \7$aDataset.$2local
=655  \7$aReference data.$2local
=655  \7$aMonitoring data.$2local
=690  7\$aResearch Datasets Collection$2blcoll
=710  2\$aInstitute for Environment and Sustainability (European Commission. Joint Research Centre)
=856  40$uhttp://ccm.jrc.ec.europa.eu/php/index.php?action=view&id=24$yResearch Datasets Collection
=859  \\$aXLD$bdatasets
=CAT  \\$aRESDATASET$b00$c20110825$lBLL01$h1145
=CAT  \\$a7332$b40$c20120404$lBLL01$h1358
=CAT  \\$aBATCH-UPD$b40$c20120821$lBLL01$h1643
=CAT  \\$aBATCH-UPD$b40$c20121018$lBLL01$h1010
=CAT  \\$aWR13.117$c20130718$lBLL01$h1857
=CAT  \\$a7332$b40$c20131002$lBLL01$h0819
=CAT  \\$aW1606-1753$c20171028$lBLL01$h1342
=FIN  \\$aY$d20120404
=FMT  \\$a  SE
=LAS  \\$aW1606-1753$b00$c20171028$lBLL01$h1342
=SRC  \\$aBLDatasets$bstm_datasets_20110825_mrc.xml
=TCO  \\$aZZZ$c008

