=LDR  02969 ai a2200601 a 4500
=001  015876902
=003  Uk
=005  20130927130828.0
=006  m\\\\\\\\m\|\\\\\\
=007  cr\|||||||||||
=008  110825c200u9999it\uu\d\o\\\\\0\\\a2eng\\
=024  7\$astm20100831e$2local
=040  \\$aUk$beng$cUk$dUk
=042  \\$aukblsr
=082  04$a577.714$223
=245  00$aEnvironmental Marine Information System.$pGIS functionalities$h[electronic resource].
=246  0\$aEMIS GIS Functionalities
=260  \\$aIspra :$bEuropean Commission, Joint Research Centre, Institute for Environment and Sustainability
=336  \\$atext$2rdacontent
=337  \\$acomputer$2rdamedia
=338  \\$aonline resource$2rdacarrier
=500  \\$aTitle from home page (viewed on Dec. 30, 2011).
=506  \\$aData are free to access.
=516  \\$aapplication/pdf; text/plain.
=520  \\$aEMIS provides the calculated oxygen depletion risk and physically sensitive areas to eutrophication index for marine environments in Europe. These are calculated from the physical (mixed layer depth and temperature, sea surface temperature, maximum density gradient, bottom layer salinity and temperature and bathymetry) and biological (chlorophyll-a concentrations, primary production, photosynthetically available radiation and diffuse attenuation coefficients K490 and Kvis) parameters that are also available via EMIS. Data can be selected from the GIS tool by point or box of interest and time series or correlations of data downloaded in plain text of PDF format. The visualised heat maps of data can also be downloaded in PDF format.
=522  \\$aEurope (continent).
=538  \\$aMode of access: World Wide Web.
=540  \\$aCopyright © European Union, 2010.
=584  \\$aData are created by EC-JRC IES.
=584  \\$aAccepting data submissions: No.
=650  \0$aMarine eutrophication$zEurope$vDatabases.
=650  \0$aWater$xDissolved oxygen$zEurope$vDatabases.
=653  2\$aLiving With Environmental Change
=655  \7$aDataset.$2local
=655  \7$aObservational data.$2local
=655  \7$aMonitoring data.$2local
=655  \7$aReference data.$2local
=690  7\$aResearch Datasets Collection$2blcoll
=710  2\$aInstitute for Environment and Sustainability (European Commission. Joint Research Centre)
=856  40$uhttp://emis.jrc.ec.europa.eu/4_1_gismap.php$yResearch Datasets Collection
=859  \\$aXLD$bdatasets
=CAT  \\$aRESDATASET$b00$c20110825$lBLL01$h1145
=CAT  \\$a7332$b40$c20111230$lBLL01$h1728
=CAT  \\$aBATCH-UPD$b40$c20120821$lBLL01$h1643
=CAT  \\$aBATCH-UPD$b40$c20121018$lBLL01$h1010
=CAT  \\$aWR13.117$c20130718$lBLL01$h1857
=CAT  \\$a7332$b40$c20130927$lBLL01$h1308
=CAT  \\$aW1606-1753$c20171028$lBLL01$h1342
=FIN  \\$aY$d20111230
=FMT  \\$a  SE
=LAS  \\$aW1606-1753$b00$c20171028$lBLL01$h1342
=SRC  \\$aBLDatasets$bstm_datasets_20110825_mrc.xml
=TCO  \\$aZZZ$c008

