=LDR  02671 ai a2200577 a 4500
=001  015876903
=003  Uk
=005  20111230165810.0
=006  m\\\\\\\\m\|\\\\\\
=007  cr\|||||||||||
=008  110825c200u9999it\uu\d\o\s\\\0\\\a2eng\\
=024  7\$astm20100831d$2local
=040  \\$aUk$beng$cUk
=042  \\$aukblsr
=082  04$a363.73874$223
=245  00$aEmission Database for Global Atmospheric Research$h[electronic resource].
=246  3\$aEDGAR
=260  \\$aIspra :$bEuropean Commission, Joint Research Centre, Institute for Environment and Sustainability
=336  \\$atext$2rdacontent
=337  \\$acomputer$2rdamedia
=338  \\$aonline resource$2rdacarrier
=500  \\$aTitle from home page (viewed on Dec. 30, 2011).
=506  \\$aUsers must register to access data.
=516  \\$atext/csv.
=520  \\$aEDGAR presents calculated emissions of direct greenhouse gases (CO2 [carbon dioxide], CH4 [methane], N2O [nitrous oxide], hydrofluorcarbons [HFCs], perfluorocarbons and SF4 [sulphur fluoride]), ozone precursor gases (CO [carbon monoxide], NOx and non-methane volatile organic compounds [NMVOCs]), acidifying gases (NH3 [ammonia] and SO2 [sulphur dioxide]) and stratospheric ozone depleting substances (specifically HCFC-141b and HCFC-142b). Data are listed by year and can be downloaded by compound and year. A short registration is required prior to downloading the data.
=522  \\$aEurope (continent).
=538  \\$aMode of access: World Wide Web.
=540  \\$a© European Communities, 2009.
=584  \\$aData are collected by the EDGAR team.
=584  \\$aAccepting data submissions: No.
=650  \0$aGreenhouse gases$vStatistics$vDatabases
=653  2\$aLiving With Environmental Change
=655  \7$aDataset.$2local
=655  \7$aMonitoring data.$2local
=655  \7$aReference data.$2local
=690  7\$aResearch Datasets Collection$2blcoll
=710  1\$aNetherlands.$bPlanbureau voor de Leefomgeving.
=710  2\$aInstitute for Environment and Sustainability (European Commission. Joint Research Centre)
=856  40$uhttp://edgar.jrc.ec.europa.eu/overview.php$yResearch Datasets Collection
=859  \\$aXLD$bdatasets
=CAT  \\$aRESDATASET$b00$c20110825$lBLL01$h1145
=CAT  \\$a7332$b40$c20111230$lBLL01$h1658
=CAT  \\$aBATCH-UPD$b40$c20120821$lBLL01$h1643
=CAT  \\$aBATCH-UPD$b40$c20121018$lBLL01$h1010
=CAT  \\$aWR13.117$c20130718$lBLL01$h1857
=CAT  \\$aW1606-1753$c20171028$lBLL01$h1342
=FIN  \\$aY$d20111230
=FMT  \\$a  SE
=LAS  \\$aW1606-1753$b00$c20171028$lBLL01$h1342
=SRC  \\$aBLDatasets$bstm_datasets_20110825_mrc.xml
=TCO  \\$aZZZ$c008

