=LDR  02911 ai a2200637 a 4500
=001  015876906
=003  Uk
=005  20130806101201.0
=006  m\\\\\\\\m\|\\\\\\
=007  cr\|||||||||||
=008  110825c200u9999at\uu\d\o\\\\\0\\\a2eng\\
=024  7\$astm20100831a$2local
=040  \\$aUk$beng$cUk$dUk
=042  \\$aukblsr
=082  04$a363.730994$223
=245  00$aNational pollutant inventory data$h[electronic resource].
=246  3\$aNPI Data
=260  \\$aCanberra :$bDepartment of Sustainability, Environment, Water, Population, and Communities
=310  \\$aAnnually
=336  \\$atext$2rdacontent
=337  \\$acomputer$2rdamedia
=338  \\$aonline resource$2rdacarrier
=500  \\$aTitle from home page (viewed on Oct. 21, 2011).
=506  \\$aData are free to access.
=516  \\$atext/csv; text/xml.
=520  \\$aEmissions data from industrial sources in Australia that meet reporting criteria are available to browse by location, industry, company and substance and can also be searched on a map or by reporting year, substance and emission destination (that is emission to air, water or land). Individual tables of data can be downloaded in CSV or full sets about specific substances, industries or locations can be downloaded in XML format.
=522  \\$aAustralia.
=538  \\$aMode of access: World Wide Web.
=540  \\$aThis material is copyright Commonwealth of Australia, except where otherwise indicated. Apart from any use as permitted under the Copyright Act 1968, all other rights are reserved.
=584  \\$aData are collected by the NPI.
=584  \\$aAccepting data submissions: No.
=650  \0$aAir$xPollution$zAustralia$xMeasurement$vDatabases.
=650  \0$aPollution$xEnvironmental aspects$zAustralia$vDatabases.
=650  \0$aWater$xPollution$zAustralia$xMeasurement$vDatabases.
=653  2\$aLiving With Environmental Change
=655  \7$aDataset.$2local
=655  \7$aMonitoring data.$2local
=655  \7$aReference data.$2local
=690  7\$aResearch Datasets Collection$2blcoll
=710  1\$aAustralia.$bDepartment of Sustainability, Environment, Water, Population, and Communities.
=856  40$uhttp://www.npi.gov.au/npi-data/search-npi-data$yResearch Datasets Collection
=859  \\$aXLD$bdatasets
=985  \\$aRecord amended for WR# 13/070
=CAT  \\$aRESDATASET$b00$c20110825$lBLL01$h1145
=CAT  \\$a7332$b40$c20111021$lBLL01$h1145
=CAT  \\$aBATCH-UPD$b40$c20120821$lBLL01$h1643
=CAT  \\$aBATCH-UPD$b40$c20121018$lBLL01$h1009
=CAT  \\$aWR13_070$b00$c20130504$lBLL01$h0333
=CAT  \\$aWR13.117$c20130718$lBLL01$h1857
=CAT  \\$a7332$b40$c20130806$lBLL01$h1012
=CAT  \\$aW1606-1753$c20171028$lBLL01$h1342
=FIN  \\$aY$d20111021
=FMT  \\$a  SE
=LAS  \\$aW1606-1753$b00$c20171028$lBLL01$h1342
=SRC  \\$aBLDatasets$bstm_datasets_20110825_mrc.xml
=TCO  \\$aZZZ$c008

