=LDR  02913 ai a2200637 a 4500
=001  015876907
=003  Uk
=005  20120228094622.0
=006  m\\\\\\\\m\|\\\\\\
=007  cr\|||||||||||
=008  110825c200u9999xxuuu\d\o\\\\\0\\\a2eng\\
=024  7\$astm20101001d$2local
=040  \\$aUk$beng$cUk
=042  \\$aukblsr
=082  04$a578.09794$223
=245  00$aCNDDB maps & data$h[electronic resource].
=246  3\$aCalifornia Natural Diversity Data Base maps & data
=260  \\$aSacramento :$bDepartment of Fish & Game, Biogeographic Data Branch
=336  \\$atext$2rdacontent
=337  \\$acomputer$2rdamedia
=338  \\$aonline resource$2rdacarrier
=500  \\$aTitle from home page (viewed on Feb. 1, 2012).
=506  \\$aMostly free to access, some data require paid subscription.
=516  \\$atext/csv.
=520  \\$aThe CNDDB provides details of species observed in California. Quick viewer provides free data, listing species in each county or pre-defined quadrant on a map view. More detailed data can only be accessed with subscription to the CNDDB/Spotted-Owl viewer, RareFind 4 or monthly CNDDB data. The spotted-owl viewer provides a map application on which to view data. RareFind 4 is an application that allows detailed queries of state-wise data on rare species and communities. Monthly CNDDB data is an update for RareFind 4 data.
=522  \\$aCalifornia.
=538  \\$aMode of access: World Wide Web.
=540  \\$aThe CNDDB and Spotted Owl databases are proprietary databases owned by the California Department of Fish & Game.
=584  \\$aData are collected by the California Department of Fish and Game.
=584  \\$aAccepting data submissions: No.
=650  \0$aAnimal species$zCalifornia$vDatabases.
=650  \0$aAnimal species
=650  \0$aPlant species$zCalifornia$vDatabases.
=650  \0$aSpotted owl$zCalifornia$vDatabases.
=653  2\$aLiving With Environmental Change
=655  \7$aDataset.$2local
=655  \7$aObservational data.$2local
=655  \7$aMonitoring data.$2local
=655  \7$aReference data.$2local
=690  7\$aResearch Datasets Collection$2blcoll
=710  1\$aCalifornia.$bBiogeographic Data Branch.
=710  2\$aCalifornia Natural Diversity Data Base.
=856  40$uhttp://www.dfg.ca.gov/biogeodata/cnddb/mapsanddata.asp$yResearch Datasets Collection
=859  \\$aXLD$bdatasets
=CAT  \\$aRESDATASET$b00$c20110825$lBLL01$h1145
=CAT  \\$a7332$b40$c20120201$lBLL01$h1526
=CAT  \\$a7332$b40$c20120228$lBLL01$h0946
=CAT  \\$aBATCH-UPD$b40$c20120821$lBLL01$h1643
=CAT  \\$aBATCH-UPD$b40$c20121018$lBLL01$h1009
=CAT  \\$aWR13.117$c20130718$lBLL01$h1857
=CAT  \\$aW1606-1753$c20171028$lBLL01$h1342
=FIN  \\$aY$d20120201
=FMT  \\$a  SE
=LAS  \\$aW1606-1753$b00$c20171028$lBLL01$h1342
=SRC  \\$aBLDatasets$bstm_datasets_20110825_mrc.xml
=TCO  \\$aZZZ$c008

