=LDR  02717 ai a2200637 a 4500
=001  015876908
=003  Uk
=005  20130806100804.0
=006  m\\\\\\\\m\|\\\\\\
=007  cr\|||||||||||
=008  110825c200u9999nz\uu\d\o\\\\\0\\\a2eng\\
=024  7\$astm20101001c$2local
=040  \\$aUk$beng$cUk$dUk
=042  \\$aukblsr
=082  04$a581.993$223
=245  00$aNational vegetation survey databank$h[electronic resource].
=246  3\$aNVS databank
=260  \\$aLincoln :$bLandcare Research
=336  \\$atext$2rdacontent
=337  \\$acomputer$2rdamedia
=338  \\$aonline resource$2rdacarrier
=500  \\$aTitle from home page (viewed on Sept. 23, 2011).
=506  \\$aUsers must apply for access to data.
=510  3\$ahttp://www.nzes.org.nz/nzje/free_issues/NZJEcol25_2_1.pdf
=516  \\$aapplication/msexcel; text/plain.
=520  \\$aData from vegetation survey plots across New Zealand is available from NVS. Data is identified by browsing each plot, and then can be downloaded in Excel or ASCII format. Users must register to access data and reuse is subject to the license agreement given when requests for data are submitted.
=522  \\$aNew Zealand.
=538  \\$aMode of access: World Wide Web.
=540  \\$aAll data and information contained in these files are copyright and subject to license agreements.
=584  \\$aData are collected by NVS from the New Zealand Government, regional councils, universities, private consultants and Landcare Research.
=584  \\$aAccepting data submissions: No.
=650  \0$aPhytogeography$zNew Zealand$vDatabases.
=650  \0$aPlant communities$zNew Zealand$vDatabases.
=650  \0$aBotany$zNew Zealand$vDatabases.
=653  2\$aLiving With Environmental Change
=655  \7$aDataset.$2local
=655  \7$aObservational data.$2local
=655  \7$aMonitoring data.$2local
=655  \7$aReference data.$2local
=690  7\$aResearch Datasets Collection$2blcoll
=710  2\$aManaaki Whenua-Landcare Research New Zealand Ltd.
=856  40$uhttp://nvs.landcareresearch.co.nz/Index$yResearch Datasets Collection
=859  \\$aXLD$bdatasets
=CAT  \\$aRESDATASET$b00$c20110825$lBLL01$h1145
=CAT  \\$a7332$b40$c20110923$lBLL01$h1120
=CAT  \\$a7332$b40$c20111027$lBLL01$h0804
=CAT  \\$aBATCH-UPD$b40$c20120821$lBLL01$h1643
=CAT  \\$aBATCH-UPD$b40$c20121018$lBLL01$h1010
=CAT  \\$aWR13.117$c20130718$lBLL01$h1857
=CAT  \\$a7332$b44$c20130806$lBLL01$h1008
=CAT  \\$aW1606-1753$c20171028$lBLL01$h1342
=FIN  \\$aY$d20110923
=FMT  \\$a  SE
=LAS  \\$aW1606-1753$b00$c20171028$lBLL01$h1342
=SRC  \\$aBLDatasets$bstm_datasets_20110825_mrc.xml
=TCO  \\$aZZZ$c008

