=LDR  02847 ai a2200625 a 4500
=001  015876909
=003  Uk
=005  20111123082854.0
=006  m\\\\\\\\m\|\\\\\\
=007  cr\|||||||||||
=008  110825c200u9999at\uu\d\o\\\\\0\\\a2eng\\
=024  7\$astm20101001b$2local
=040  \\$aUk$beng$cUk
=042  \\$aukblsr
=082  04$a333.9509989$223
=245  00$aBiodiversity - SCAR EBA program$h[electronic resource].
=260  \\$aKingston :$bAustralian Antarctic Data Centre
=336  \\$atext$2rdacontent
=337  \\$acomputer$2rdamedia
=338  \\$aonline resource$2rdacarrier
=500  \\$aTitle from home page (viewed on Nov. 4, 2011).
=506  \\$aRegistration is required for some of the data.
=516  \\$atext/html; application/vnd.google-earth.kml+xml; application/msword; application/msexcel.
=520  \\$aThe database holds data as part of the SCAR Evolution and Biodiversity in the Antarctic programme, including taxonomy and observations. Data can be searched by taxa, location and date of observation and data collection. Observations can be downloaded in text, Excel and KML formats.
=522  \\$aAntarctica (continent).
=538  \\$aMode of access: World Wide Web.
=540  \\$aAll images, text and downloadable data are copyright © Commonwealth of Australia 2006, unless otherwise stated, in which case the copyright belongs to the respective authors or data originators as indicated.
=584  \\$aData are from the SCAR EBA programme, Australian Antarctic Programme and submissions from researchers.
=584  \\$aAccepting data submissions: No.
=650  \0$aBiodiversity$zAntarctica$vDatabases.
=650  \0$aBiodiversity conservation$zAntarctica$vDatabases.
=653  2\$aLiving With Environmental Change
=655  \7$aDataset.$2local
=655  \7$aObservational data.$2local
=655  \7$aMonitoring data.$2local
=655  \7$aReference data.$2local
=690  7\$aResearch Datasets Collection$2blcoll
=710  2\$aAustralian Antarctic Data Centre.
=710  2\$aSCAR EBA (Programme)
=710  2\$aInternational Council for Science.$bScientific Committee on Antarctic Research.
=856  40$uhttp://data.aad.gov.au/aadc/biodiversity/$yResearch Datasets Collection
=859  \\$aXLD$bdatasets
=CAT  \\$aRESDATASET$b00$c20110825$lBLL01$h1145
=CAT  \\$a7332$b40$c20111104$lBLL01$h1548
=CAT  \\$a7332$b40$c20111123$lBLL01$h0828
=CAT  \\$aBATCH-UPD$b40$c20120821$lBLL01$h1643
=CAT  \\$aBATCH-UPD$b40$c20121018$lBLL01$h1009
=CAT  \\$aWR13.117$c20130718$lBLL01$h1857
=CAT  \\$aBATCH-UPD$b00$c20160924$lBLL01$h0257
=CAT  \\$aW1606-1753$c20171028$lBLL01$h1342
=FIN  \\$aY$d20111104
=FMT  \\$a  SE
=LAS  \\$aW1606-1753$b00$c20171028$lBLL01$h1342
=SRC  \\$aBLDatasets$bstm_datasets_20110825_mrc.xml
=TCO  \\$aZZZ$c008

