=LDR  02955 ai a2200625 a 4500
=001  015876910
=003  Uk
=005  20120229081543.0
=006  m\\\\\\\\m\|\\\\\\
=007  cr\|||||||||||
=008  110825c200u9999xxuuu\d\o\\\\\0\\\a2eng\\
=024  7\$astm20101001a$2local
=040  \\$aUk$beng$cUk
=042  \\$aukblsr
=082  04$a591.53091609164$223
=245  00$aTagging of Pacific predators$h[electronic resource].
=246  3\$aTOPP
=260  \\$a[Australia] :$bTOPP
=336  \\$atext$2rdacontent
=337  \\$acomputer$2rdamedia
=338  \\$aonline resource$2rdacarrier
=500  \\$aTitle from home page (viewed on Sept. 14, 2011).
=506  \\$aData are free to access.
=516  \\$aimage/gif.
=520  \\$aTOPP tag ocean predators to track their movements within the Pacific Ocean. These tracks are available from TOPP visualised against sea surface temperature, chlorophyll-a concentration and sea surface height (these environmental parameters are from NOAA datasets). These data are important for assessing where species live and where they might live as a result of global change. Permission for reuse of data must be sought from TOPP. Data includes tags for Blue, mako, white and common thresher Sharks, California sea lion, Northern and Southern elephant seals, blue, humpback and fin whales, leatherback sea turtle, loggerhead turtle, laysan and black-footed albatross, sooty shearwater and ocean sunfish.
=522  \\$aPacific Ocean.
=538  \\$aMode of access: World Wide Web.
=540  \\$aPermission for reuse for research, publication, academic or commercial purposes must be obtained from TOPP.
=584  \\$aData are collected by TOPP researchers.
=584  \\$aAccepting data submissions: No.
=650  \0$aPredatory marine animals$xGeographical distribution$zPacific Ocean$vDatabases.
=650  \0$aPredatory marine animals$xResearch$zPacific Ocean$vDatabases.
=653  2\$aLiving With Environmental Change
=655  \7$aDataset.$2local
=655  \7$aMonitoring data.$2local
=655  \7$aObservational data.$2local
=655  \7$aReference data.$2local
=690  7\$aResearch Datasets Collection$2blcoll
=710  2\$aTagging of Pacific Predators (Project)
=710  2\$aCensus of Marine Life (Program)
=856  40$uhttp://www.topp.org/topp_census$yResearch Datasets Collection
=859  \\$aXLD$bdatasets
=CAT  \\$aRESDATASET$b00$c20110825$lBLL01$h1145
=CAT  \\$a7332$b40$c20110915$lBLL01$h1421
=CAT  \\$a7332$b40$c20111118$lBLL01$h1139
=CAT  \\$a7332$b40$c20120229$lBLL01$h0815
=CAT  \\$aBATCH-UPD$b40$c20120821$lBLL01$h1643
=CAT  \\$aBATCH-UPD$b40$c20121018$lBLL01$h1010
=CAT  \\$aWR13.117$c20130718$lBLL01$h1857
=CAT  \\$aW1606-1753$c20171028$lBLL01$h1342
=FIN  \\$aY$d20110915
=FMT  \\$a  SE
=LAS  \\$aW1606-1753$b00$c20171028$lBLL01$h1342
=SRC  \\$aBLDatasets$bstm_datasets_20110825_mrc.xml
=TCO  \\$aZZZ$c008

