=LDR  02731 ai a2200625 a 4500
=001  015876911
=003  Uk
=005  20120131133234.0
=006  m\\\\\\\\m\|\\\\\\
=007  cr\|||||||||||
=008  110825c20029999xxuuu\d\o\\\\\0\\\a2eng\\
=024  7\$astm20101005a$2local
=040  \\$aUk$beng$cUk
=041  0\$aeng$afre$aspa
=042  \\$aukblsr
=082  04$a598.0723473$223
=245  00$aeBird$h[electronic resource].
=260  \\$aIthaca :$bCornell Lab of Ornithology,$c2002-
=336  \\$atext$2rdacontent
=337  \\$acomputer$2rdamedia
=338  \\$aonline resource$2rdacarrier
=500  \\$aTitle from home page (viewed on Jan. 31, 2012).
=506  \\$aRegistration is required for some of the data.
=510  3\$uhttp://dx.doi.org/10.1016/j.biocon.2009.05.006
=516  \\$atext/html; application/msexcel.
=520  \\$aeBird collates bird observation data from enthusiasts. Histogram data for average observations at country, hotspot or county level can be downloaded. Observation statistics can be visualised using Google Maps or graphically and data tables showing species arrivals and departures by country, state, province, county or hotspot, all-time first and last species arrivals and departures in a region and species high counts for a region. The global distribution of species of interest can also be visualised.
=538  \\$aMode of access: World Wide Web.
=540  \\$aNot stated.
=546  \\$aInterface in English, French and Spanish.
=584  \\$aData are provided by researchers and amateurs.
=584  \\$aAccepting data submissions: Yes.
=650  \0$aBird watching$zNorth America$vDatabases.
=650  \0$aBird watching$zUnited States$vDatabases.
=650  \0$aBirds$zNorth America$vIdentification$vDatabases.
=653  2\$aLiving With Environmental Change
=655  \7$aDataset.$2local
=655  \7$aObservational data.$2local
=655  \7$aMonitoring data.$2local
=655  \7$aReference data.$2local
=690  7\$aResearch Datasets Collection$2blcoll
=710  2\$aCornell University.$bLaboratory of Ornithology.
=710  2\$aNational Audubon Society.
=856  40$uhttp://ebird.org/ebird/eBirdReports?cmd=Start$yResearch Datasets Collection
=859  \\$aXLD$bdatasets
=CAT  \\$aRESDATASET$b00$c20110825$lBLL01$h1145
=CAT  \\$a7332$b40$c20120131$lBLL01$h1332
=CAT  \\$aBATCH-UPD$b40$c20120821$lBLL01$h1643
=CAT  \\$aBATCH-UPD$b40$c20121018$lBLL01$h1009
=CAT  \\$aWR13.117$c20130718$lBLL01$h1857
=CAT  \\$aW1606-1753$c20171028$lBLL01$h1342
=FIN  \\$aY$d20120131
=FMT  \\$a  SE
=LAS  \\$aW1606-1753$b00$c20171028$lBLL01$h1342
=SRC  \\$aBLDatasets$bstm_datasets_20110825_mrc.xml
=TCO  \\$aZZZ$c008

