=LDR  02958 ai a2200625 a 4500
=001  015876912
=003  Uk
=005  20121024132558.0
=006  m\\\\\\\\m\|\\\\\\
=007  cr\|||||||||||
=008  110825c20109999xxcuu\d\o\\\\\0\\\a2eng\\
=024  7\$astm20101101b$2local
=040  \\$aUk$beng$cUk$dUk
=042  \\$aukblsr
=082  04$a572.865$223
=245  00$aBarcode of life database$h[electronic resource].
=246  0\$aBOLD
=260  \\$aOntario :$bBiodiversity Institute of Ontario,$c2010-
=336  \\$atext$2rdacontent
=337  \\$acomputer$2rdamedia
=338  \\$aonline resource$2rdacarrier
=506  \\$aData are free to access.
=510  3\$uhttp://dx.doi.org/10.1111/j.1471-8286.2006.01678.x
=516  \\$atext/plain; text/xml.
=520  \\$aProvides data releases from the International Barcode of Life (iBOL) project. Data for iBOL phases 0.5, 0.75 and 1.0 are available. Barcode markers represented are cytochrome oxidase subunit 1 (COI), ribulose-bisphosphate carboxylase (rbcL), maturase K (matK) and Internal Transcribed Spacer Region (ITS). A data release from the Canadian Barcode of Life Network also includes the ancillary markers, 18S, 28S, ADR, atpF-atpH, psbK, RAG2, trnH-psbA and UPA. Data are downloaded in zipped tsv or XML formats and also include taxonomic information, collector and storage institution, collection date and location (latitude, longitude and country) and the marker sequence for each specimen. Each release contains data from over 160 countries and over 50,000 specimens.
=538  \\$aMode of access: World Wide Web.
=540  \\$aNot stated.
=584  \\$aData are submitted by barcoding consortia and researchers.
=584  \\$aAccepting data submissions: No.
=588  \\$aTitle from home page (viewed on Oct. 24, 2012).
=650  \0$aGenetic markers$xIdentification$vDatabases.
=650  \0$aSpecies$xIdentification$vDatabases.
=653  2\$aLiving With Environmental Change
=655  \7$aDataset.$2local
=655  \7$aObservational data.$2local
=655  \7$aReference data.$2local
=690  7\$aResearch Datasets Collection$2blcoll
=710  2\$aBiodiversity Institute of Ontario.
=710  2\$aInternational Barcode of Life (Project)
=856  40$uhttp://www.boldsystems.org/$yResearch Datasets Collection
=859  \\$aXLD$bdatasets
=CAT  \\$aRESDATASET$b00$c20110825$lBLL01$h1145
=CAT  \\$a7332$b40$c20120201$lBLL01$h1111
=CAT  \\$a7332$b40$c20120201$lBLL01$h1152
=CAT  \\$aBATCH-UPD$b40$c20120821$lBLL01$h1643
=CAT  \\$aBATCH-UPD$b40$c20121018$lBLL01$h1009
=CAT  \\$a7332$b40$c20121024$lBLL01$h1325
=CAT  \\$aWR13.117$c20130718$lBLL01$h1857
=CAT  \\$aW1606-1753$c20171028$lBLL01$h1342
=CAT  \\$aBATCH-UPD$b00$c20171028$lBLL01$h1344
=FIN  \\$aY$d20120201
=FMT  \\$a  SE
=LAS  \\$aBATCH-UPD$b00$c20171028$lBLL01$h1344
=SRC  \\$aBLDatasets$bstm_datasets_20110825_mrc.xml
=TCO  \\$aZZZ$c008

