=LDR  02424 ai a2200541 a 4500
=001  015876913
=003  Uk
=005  20120327142314.0
=006  m\\\\\\\\m\|\\\\\\
=007  cr\|||||||||||
=008  110825c200u9999xxuuu\d\o\\\\\0\\\a2eng\\
=024  7\$astm20110114j$2local
=040  \\$aUk$beng$cUk
=042  \\$aukblsr
=082  04$a551.489$223
=245  00$aGlobal active archive of large flood events$h[electronic resource].
=260  \\$aBoulder :$bDartmouth Flood Observatory
=336  \\$atext$2rdacontent
=337  \\$acomputer$2rdamedia
=338  \\$aonline resource$2rdacarrier
=500  \\$aTitle from home page (viewed on Mar. 27, 2012).
=506  \\$aData are free to access.
=520  \\$aThe information presented in this Archive is derived from news, governmental, instrumental, and remote sensing sources. The archive is "active" because current events are added immediately. Each entry in the table and related "area affected" map outline represents a discrete flood event. However, repeat flooding in some regions is a complex phenomenon and may require a compromise between aggregating and dividing such events. The listing is comprehensive and global in scope. Deaths and damage estimates for tropical storms are totals from all causes, but tropical storms without significant river flooding are not included.
=538  \\$aMode of access: World Wide Web.
=540  \\$aNot stated.
=584  \\$aAccepting data submissions: no.
=650  \0$aFloods$vDatabases.
=650  \0$aFloods$vMaps$vDatabases.
=650  \0$aDigital mapping$vDatabases.
=653  2\$aFlooding
=655  \7$aDataset.$2local
=655  \7$aObservational data.$2local
=655  \7$aReference data.$2local
=690  7\$aResearch Datasets Collection$2blcoll
=710  2\$aDartmouth Flood Observatory.
=856  40$uhttp://floodobservatory.colorado.edu/Archives/index.html$yResearch Datasets Collection
=859  \\$aXLD$bdatasets
=CAT  \\$aRESDATASET$b00$c20110825$lBLL01$h1145
=CAT  \\$a7332$b40$c20120327$lBLL01$h1423
=CAT  \\$aBATCH-UPD$b40$c20120821$lBLL01$h1643
=CAT  \\$aBATCH-UPD$b40$c20121018$lBLL01$h1009
=CAT  \\$aWR13.117$c20130718$lBLL01$h1857
=CAT  \\$aW1606-1753$c20171028$lBLL01$h1342
=FIN  \\$aY$d20120327
=FMT  \\$a  SE
=LAS  \\$aW1606-1753$b00$c20171028$lBLL01$h1342
=SRC  \\$aBLDatasets$bstm_datasets_20110825_mrc.xml
=TCO  \\$aZZZ$c008

