=LDR  02176 ai a2200565 a 4500
=001  015876915
=003  Uk
=005  20131002082102.0
=006  m\\\\\\\\m\|\\\\\\
=007  cr\|||||||||||
=008  110825c200u9999xxuuu\d\o\\\\\0\\\a2eng\\
=024  7\$astm20110114k$2local
=040  \\$aUk$beng$cUk$dUk
=042  \\$aukblsr
=082  04$a551.4683$223
=245  00$aMarine Geoscience Data System$h[electronic resource].
=246  3\$aMGDS
=260  \\$aNew York :$bLamont-Doherty Earth Observatory
=336  \\$atext$2rdacontent
=337  \\$acomputer$2rdamedia
=338  \\$aonline resource$2rdacarrier
=500  \\$aTitle from Web page (viewed on Apr. 4, 2012).
=506  \\$aData are free to access.
=520  \\$aProvides access to marine geophysical data from NSF programs. Search across data types, platforms, location and expedition for data sets of interest. Covers, amongst many others, bathymetry, biological variables, chemistry, meteorology, currents and tides and gravity data. Some datasets may be hosted by other databases.
=538  \\$aMode of access: World Wide Web.
=540  \\$aNot stated.
=584  \\$aAccepting data submissions: no.
=650  \0$aOcean temperature
=650  \0$aSubmarine topography$vDatabases.
=650  \0$aMarine geophysics$vDatabases.
=653  2\$aFlooding
=655  \7$aDataset.$2local
=655  \7$aMonitoring data.$2local
=655  \7$aReference data.$2local
=690  7\$aResearch Datasets Collection$2blcoll
=710  2\$aLamont-Doherty Earth Observatory.
=856  40$uhttp://www.marine-geo.org/tools/search/$yResearch Datasets Collection
=859  \\$aXLD$bdatasets
=CAT  \\$aRESDATASET$b00$c20110825$lBLL01$h1145
=CAT  \\$a7332$b40$c20120404$lBLL01$h1011
=CAT  \\$aBATCH-UPD$b40$c20120821$lBLL01$h1643
=CAT  \\$aBATCH-UPD$b40$c20121018$lBLL01$h1010
=CAT  \\$aWR13.117$c20130718$lBLL01$h1857
=CAT  \\$a7332$b40$c20131002$lBLL01$h0821
=CAT  \\$aW1606-1753$c20171028$lBLL01$h1342
=FIN  \\$aY$d20120404
=FMT  \\$a  SE
=LAS  \\$aW1606-1753$b00$c20171028$lBLL01$h1342
=SRC  \\$aBLDatasets$bstm_datasets_20110825_mrc.xml
=TCO  \\$aZZZ$c008

