=LDR  02470 ai a2200589 a 4500
=001  015876916
=003  Uk
=005  20131002082212.0
=006  m\\\\\\\\m\|\\\\\\
=007  cr\|||||||||||
=008  110825c200u9999ke\uu\d\o\\\\\0\\\a2eng\\
=024  7\$astm20110114l$2local
=040  \\$aUk$beng$cUk$dUk
=042  \\$aukblsr
=082  04$a363.7063$223
=245  00$aGlobal environment monitoring system$h[electronic resource].
=246  3\$aGEMSTAT
=260  \\$aNairobi :$bUnited Nations Environment Programme
=336  \\$atext$2rdacontent
=337  \\$acomputer$2rdamedia
=338  \\$aonline resource$2rdacarrier
=500  \\$aTitle from Web page (viewed on Apr. 4, 2012).
=506  \\$aData are free to access.
=510  3\$uhttp://dx.doi.org/10.1017/S0376892900019469
=520  \\$aSummary data is available by country, on water quality monitoring variables covering: instantaneous discharge; major ions; metals; microbiology (including chlorophyll A, streptococcus and salmonella); organic contaminants (including DDT, PCB, organic carbon and phenols); nutrients (including ammonia, and nitrates); physical-chemical characteristics (such as pH, conductance, dissolved O2, suspended solids and temperature) and organic matter.
=538  \\$aMode of access: World Wide Web.
=540  \\$aCreators/Contributors retain copyright.
=584  \\$aAccepting data submissions: no.
=650  \0$aEnvironmental risk assessment$vDatabases.
=650  \0$aEnvironmental monitoring$vDatabases.
=653  2\$aFlooding
=655  \7$aDataset.$2local
=655  \7$aMonitoring data.$2local
=655  \7$aReference data.$2local
=690  7\$aResearch Datasets Collection$2blcoll
=710  2\$aUnited Nations Environment Programme.
=710  2\$aGEMS/Water (Programme)
=856  40$uhttp://www.gemstat.org/queryrgn.aspx$yResearch Datasets Collection
=859  \\$aXLD$bdatasets
=CAT  \\$aRESDATASET$b00$c20110825$lBLL01$h1145
=CAT  \\$a7332$b40$c20120404$lBLL01$h1546
=CAT  \\$a7332$b40$c20120417$lBLL01$h0833
=CAT  \\$aBATCH-UPD$b40$c20120821$lBLL01$h1643
=CAT  \\$aBATCH-UPD$b40$c20121018$lBLL01$h1010
=CAT  \\$aWR13.117$c20130718$lBLL01$h1857
=CAT  \\$a7332$b40$c20131002$lBLL01$h0822
=CAT  \\$aW1606-1753$c20171028$lBLL01$h1342
=FIN  \\$aY$d20120404
=FMT  \\$a  SE
=LAS  \\$aW1606-1753$b00$c20171028$lBLL01$h1342
=SRC  \\$aBLDatasets$bstm_datasets_20110825_mrc.xml
=TCO  \\$aZZZ$c008

