=LDR  01948 ai a2200565 a 4500
=001  015876917
=003  Uk
=005  20120201075953.0
=006  m\\\\\\\\m\|\\\\\\
=007  cr\|||||||||||
=008  110825c200u9999no\uu\d\o\\\\\0\\\a2eng\\
=024  7\$astm20101213a$2local
=040  \\$aUk$beng$cUk
=041  0\$aeng$anor
=042  \\$aukblsr
=082  04$a551.46133$223
=245  00$aSJØMIL$h[electronic resource] :$bdatabase for sjø og miljø.
=260  \\$aBergen :$bInstitute of Marine Research
=336  \\$atext$2rdacontent
=337  \\$acomputer$2rdamedia
=338  \\$aonline resource$2rdacarrier
=500  \\$aTitle from home page (viewed on Jan. 31, 2012).
=506  \\$aData are free to access.
=538  \\$aMode of access: World Wide Web.
=540  \\$aNot stated.
=546  \\$aInterface in English and Norwegian.
=584  \\$aAccepting data submissions: No.
=650  \0$aFisheries$zNorway$vDatabases.
=650  \0$aMarine sciences$xResearch$zNorway$vDatabases.
=651  \0$aNorway$xClimate$vObservations$vDatabases.
=653  2\$aLiving With Environmental Change
=655  \7$aDataset.$2local
=655  \7$aObservational data.$2local
=655  \7$aMonitoring data.$2local
=655  \7$aReference data.$2local
=690  7\$aResearch Datasets Collection$2blcoll
=710  2\$aHavforskningsinstituttet (Norway)
=856  40$uhttp://www.imr.no/sjomil/index.html$yResearch Datasets Collection
=859  \\$aXLD$bdatasets
=CAT  \\$aRESDATASET$b00$c20110825$lBLL01$h1145
=CAT  \\$a7332$b40$c20120201$lBLL01$h0759
=CAT  \\$aBATCH-UPD$b40$c20120821$lBLL01$h1643
=CAT  \\$aBATCH-UPD$b40$c20121018$lBLL01$h1010
=CAT  \\$aWR13.117$c20130718$lBLL01$h1857
=CAT  \\$aW1606-1753$c20171028$lBLL01$h1342
=FIN  \\$aY$d20120201
=FMT  \\$a  SE
=LAS  \\$aW1606-1753$b00$c20171028$lBLL01$h1342
=SRC  \\$aBLDatasets$bstm_datasets_20110825_mrc.xml
=TCO  \\$aZZZ$c008

