=LDR  02324 ai a2200589 a 4500
=001  015876918
=003  Uk
=005  20120131150431.0
=006  m\\\\\\\\m\|\\\\\\
=007  cr\|||||||||||
=008  110825c20009999enkuu\d\o\\\\\0\\\a2eng\\
=024  7\$astm20110105a$2local
=040  \\$aUk$beng$cUk
=042  \\$aukblsr
=082  04$a577.789$223
=245  00$aGlobal coral disease database$h[electronic resource].
=246  3\$aGCDD
=260  \\$aCambridge :$bUNEP World Conservation Monitoring Centre,$c2000-
=336  \\$atext$2rdacontent
=337  \\$acomputer$2rdamedia
=338  \\$aonline resource$2rdacarrier
=500  \\$aTitle from home page (viewed on Jan. 31, 2012).
=506  \\$aUsers must apply for access to data.
=516  \\$atext/csv.
=520  \\$aProvides a visualisation of coral disease data by transect, including disease frequency and distribution by genera. Access to raw data can be requested from the data contributor via the site. Groups with coral disease data are encourage to contribute to the resource.
=538  \\$aMode of access: World Wide Web.
=540  \\$aNot stated.
=584  \\$aData are submitted by interest and research groups.
=584  \\$aAccepting data submissions: Yes.
=650  \0$aCoral reefs and islands$xDiseases and pests$vDatabases.
=650  \0$aCoral reef ecology$vDatabases.
=653  2\$aLiving With Environmental Change
=655  \7$aDataset.$2local
=655  \7$aObservational data.$2local
=655  \7$aMonitoring data.$2local
=655  \7$aReference data.$2local
=690  7\$aResearch Datasets Collection$2blcoll
=710  1\$aUnited States.$bNational Marine Fisheries Service.
=710  2\$aUNEP World Conservation Monitoring Centre.
=856  40$uhttp://www.coraldisease.org/search$yResearch Datasets Collection
=859  \\$aXLD$bdatasets
=CAT  \\$aRESDATASET$b00$c20110825$lBLL01$h1145
=CAT  \\$a7332$b40$c20120131$lBLL01$h1504
=CAT  \\$aBATCH-UPD$b40$c20120821$lBLL01$h1643
=CAT  \\$aBATCH-UPD$b40$c20121018$lBLL01$h1009
=CAT  \\$aWR13.117$c20130718$lBLL01$h1857
=CAT  \\$aW1606-1753$c20171028$lBLL01$h1342
=FIN  \\$aY$d20120131
=FMT  \\$a  SE
=LAS  \\$aW1606-1753$b00$c20171028$lBLL01$h1342
=SRC  \\$aBLDatasets$bstm_datasets_20110825_mrc.xml
=TCO  \\$aZZZ$c008

