=LDR  02255 ai a2200625 a 4500
=001  015876919
=003  Uk
=005  20120202174110.0
=006  m\\\\\\\\m\|\\\\\\
=007  cr\|||||||||||
=008  110825c200u9999xxcuu\d\o\\\\\0\\\a2eng\\
=024  7\$astm20110114h$2local
=040  \\$aUk$beng$cUk
=041  0\$aeng$afre
=042  \\$aukblsr
=082  04$a551.511$223
=245  04$aThe NAtChem data$h[electronic resource].
=246  1\$iFrench interface title:$aBase de donneÌes NAtChem
=246  3\$aCanadian National Atmospheric Chemistry database
=260  \\$aOttawa :$bEnvironment Canada
=336  \\$atext$2rdacontent
=337  \\$acomputer$2rdamedia
=338  \\$aonline resource$2rdacarrier
=500  \\$aTitle from home page (viewed on Feb. 2, 2012).
=506  \\$aUsers must register to access data.
=538  \\$aMode of access: World Wide Web.
=540  \\$aNot stated.
=546  \\$aInterface in English and French.
=584  \\$aAccepting data submissions: no.
=650  \0$aParticles$vDatabases.
=650  \0$aAtmospheric physics$zNorth America$vDatabases.
=650  \0$aAtmospheric chemistry$vNorth America$vDatabases.
=650  \0$aMeteorology$zNorth America$vDatabases.
=650  \0$aPrecipitation (Chemistry)$zNorth America$vDatabases.
=650  \0$aAir$xPollution$zNorth America$vDatabases.
=653  2\$aLiving With Environmental Change
=655  \7$aDataset.$2local
=655  \7$aObservational data.$2local
=655  \7$aMonitoring data.$2local
=655  \7$aReference data.$2local
=690  7\$aResearch Datasets Collection$2blcoll
=710  1\$aCanada.$bEnvironment Canada.
=856  40$uhttp://www.ec.gc.ca/natchem/default.asp?lang=En&n=90EDB4BC-1$yResearch Datasets Collection
=859  \\$aXLD$bdatasets
=CAT  \\$aRESDATASET$b00$c20110825$lBLL01$h1145
=CAT  \\$a7332$b40$c20120202$lBLL01$h1741
=CAT  \\$aBATCH-UPD$b40$c20120821$lBLL01$h1643
=CAT  \\$aBATCH-UPD$b40$c20121018$lBLL01$h1009
=CAT  \\$aWR13.117$c20130718$lBLL01$h1857
=CAT  \\$aW1606-1753$c20171028$lBLL01$h1342
=FIN  \\$aY$d20120202
=FMT  \\$a  SE
=LAS  \\$aW1606-1753$b00$c20171028$lBLL01$h1342
=SRC  \\$aBLDatasets$bstm_datasets_20110825_mrc.xml
=TCO  \\$aZZZ$c008

