=LDR  02735 ai a2200601 a 4500
=001  015876920
=003  Uk
=005  20111104131550.0
=006  m\\\\\\\\m\|\\\\\\
=007  cr\|||||||||||
=008  110825c200u9999at\uu\d\o\\\\\0\\\a2eng\\
=024  7\$astm20110112a$2local
=040  \\$aUk$beng$cUk
=042  \\$aukblsr
=082  04$a333.720994$223
=245  00$aProtected matters search tool$h[electronic resource].
=246  3\$aPMST
=260  \\$aCanberra :$bAustralian Government, Department of Sustainability, Environment, Water, Population and Communities
=336  \\$atext$2rdacontent
=337  \\$acomputer$2rdamedia
=338  \\$aonline resource$2rdacarrier
=500  \\$aTitle from home page (viewed on Nov. 4, 2011).
=506  \\$aData are free to access.
=516  \\$atext/html; text/csv.
=520  \\$aThis tool displays information on protected areas in and around Australia, such as Ramsar wetlands, world heritage sites and other areas important in the protection of biodiversity. Reports can be generated from the map tool that list the vulnerable native and migratory species and invasive species reported in a selected area. Reports can also be generated by postcode, local government or regions of National Water action plans or Natural Resource Management area or by entering coordinates.
=522  \\$aAustralia.
=538  \\$aMode of access: World Wide Web.
=540  \\$aThis material is copyright Commonwealth of Australia, except where otherwise indicated.
=584  \\$aData are collected by the Australian Government.
=584  \\$aAccepting data submissions: No.
=650  \0$aProtected areas$zAustralia$vDatabases.
=653  2\$aLiving With Environmental Change
=655  \7$aDataset.$2local
=655  \7$aMonitoring data.$2local
=655  \7$aObservational data.$2local
=655  \7$aReference data.$2local
=690  7\$aResearch Datasets Collection$2blcoll
=710  1\$aAustralia.$bDepartment of Sustainability, Environment, Water, Population, and Communities.
=856  40$uhttp://www.environment.gov.au/erin/ert/epbc/index.html$yResearch Datasets Collection
=859  \\$aXLD$bdatasets
=985  \\$aRecord amended for WR# 13/070
=CAT  \\$aRESDATASET$b00$c20110825$lBLL01$h1145
=CAT  \\$a7332$b40$c20111104$lBLL01$h1315
=CAT  \\$aBATCH-UPD$b40$c20120821$lBLL01$h1643
=CAT  \\$aBATCH-UPD$b40$c20121018$lBLL01$h1009
=CAT  \\$aWR13_070$b00$c20130504$lBLL01$h0333
=CAT  \\$aWR13.117$c20130718$lBLL01$h1857
=CAT  \\$aW1606-1753$c20171028$lBLL01$h1342
=FIN  \\$aY$d20111104
=FMT  \\$a  SE
=LAS  \\$aW1606-1753$b00$c20171028$lBLL01$h1342
=SRC  \\$aBLDatasets$bstm_datasets_20110825_mrc.xml
=TCO  \\$aZZZ$c008

