=LDR  01920 ai a2200553 a 4500
=001  015876922
=003  Uk
=005  20120417084935.0
=006  m\\\\\\\\m\|\\\\\\
=007  cr\|||||||||||
=008  110825c200u9999xxuuu\d\o\\\\\0\\\a2eng\\
=024  7\$astm20110304a$2local
=040  \\$aUk$beng$cUk
=042  \\$aukblsr
=082  04$a577$223
=245  00$aEcoTrends$h[electronic resource].
=260  \\$aLas Cruces :$bJornada Basin LTER
=336  \\$atext$2rdacontent
=337  \\$acomputer$2rdamedia
=338  \\$aonline resource$2rdacarrier
=500  \\$aTitle from Web page (viewed on Apr. 4, 2012).
=506  \\$aUsers must register to access data.
=538  \\$aMode of access: World Wide Web.
=540  \\$aCreators/Contributors retain copyright.
=584  \\$aAccepting data submissions: no.
=650  \0$aEcology$vDatabases.
=650  \0$aPrimary productivity (Biology)$vDatabases.
=653  2\$aLiving With Environmental Change
=655  \7$aDataset.$2local
=655  \7$aObservational data.$2local
=655  \7$aMonitoring data.$2local
=655  \7$aReference data.$2local
=690  7\$aResearch Datasets Collection$2blcoll
=710  2\$aJornada Basin Long Term Ecological Research (Program)
=710  2\$aEcoTrends (Project)
=856  40$uhttps://www.ecotrends.info/EcoTrends/advancedsearch.jsp$yResearch Datasets Collection
=859  \\$aXLD$bdatasets
=CAT  \\$aRESDATASET$b00$c20110825$lBLL01$h1145
=CAT  \\$a7332$b40$c20120404$lBLL01$h1243
=CAT  \\$a7332$b40$c20120417$lBLL01$h0849
=CAT  \\$aBATCH-UPD$b40$c20120821$lBLL01$h1643
=CAT  \\$aBATCH-UPD$b40$c20121018$lBLL01$h1010
=CAT  \\$aWR13.117$c20130718$lBLL01$h1857
=CAT  \\$aW1606-1753$c20171028$lBLL01$h1342
=FIN  \\$aY$d20120404
=FMT  \\$a  SE
=LAS  \\$aW1606-1753$b00$c20171028$lBLL01$h1342
=SRC  \\$aBLDatasets$bstm_datasets_20110825_mrc.xml
=TCO  \\$aZZZ$c008

