=LDR  02484 ai a2200589 a 4500
=001  015876923
=003  Uk
=005  20120111112344.0
=006  m\\\\\\\\m\|\\\\\\
=007  cr\|||||||||||
=008  110825c200u9999enkuu\d\o\\\\\0\\\a2eng\\
=024  7\$astm20110304c$2local
=040  \\$aUk$beng$cUk
=042  \\$aukblsr
=082  04$a551.654912$223
=245  00$a[Weather station data from Virkisjökull]$h[electronic resource].
=260  \\$aKeyworth :$bBritish Geological Survey
=336  \\$atext$2rdacontent
=337  \\$acomputer$2rdamedia
=338  \\$aonline resource$2rdacarrier
=500  \\$aTitle supplied by cataloguer (publisher's Web site, viewed Sept. 9, 2011).
=506  \\$aData are free to access.
=520  \\$aTwo automated weather stations have been installed at Virkisjökull. Both stations are recording data continuously and are linked to BGS Murchison House via satellite phone, allowing monitoring of conditions on a daily basis. The long-term BGS monitoring project at Virkisjökull aims to quantify glacial and geomorphological changes, and link these to variations in local climate.
=538  \\$aMode of access: World Wide Web.
=540  \\$aNot stated.
=584  \\$aAccepting data submissions: no.
=650  \0$aMeteorology$zIceland$vObservations$vDatabases.
=651  \0$aIceland$xClimate$vObservations$vDatabases.
=653  2\$aLiving With Environmental Change
=655  \7$aDataset.$2local
=655  \7$aObservational data.$2local
=655  \7$aMonitoring data.$2local
=655  \7$aReference data.$2local
=690  7\$aResearch Datasets Collection$2blcoll
=710  2\$aBritish Geological Survey.
=710  2\$aNatural Environment Research Council (Great Britain)
=856  40$uhttp://www.bgs.ac.uk/downloads/browse.cfm?sec=6&cat=167$yResearch Datasets Collection
=859  \\$aXLD$bdatasets
=CAT  \\$aRESDATASET$b00$c20110825$lBLL01$h1145
=CAT  \\$a7332$b40$c20110909$lBLL01$h1142
=CAT  \\$a7332$b40$c20110920$lBLL01$h0738
=CAT  \\$a7332$b40$c20111123$lBLL01$h1242
=CAT  \\$a7332$b40$c20120111$lBLL01$h1123
=CAT  \\$aBATCH-UPD$b40$c20120821$lBLL01$h1643
=CAT  \\$aBATCH-UPD$b40$c20121018$lBLL01$h1009
=CAT  \\$aWR13.117$c20130718$lBLL01$h1857
=CAT  \\$aW1606-1753$c20171028$lBLL01$h1342
=FIN  \\$aY$d20110909
=FMT  \\$a  SE
=LAS  \\$aW1606-1753$b00$c20171028$lBLL01$h1342
=SRC  \\$aBLDatasets$bstm_datasets_20110825_mrc.xml
=TCO  \\$aZZZ$c008

