=LDR  02964 ai a2200697 a 4500
=001  015876924
=003  Uk
=005  20130815102712.0
=006  m\\\\\\\\m\|\\\\\\
=007  cr\|||||||||||
=008  110825c200u9999fr\uu\d\o\\\\\0\\\a2eng\\
=024  7\$astm20110413b$2local
=040  \\$aUk$beng$cUk$dUk
=041  0\$aeng$afre
=042  \\$aukblsr
=082  04$a551.51840966$223
=245  00$aAMMA database$h[electronic resource].
=246  3\$aAfrican monsoon multidisciplinary analyses database
=260  \\$a[France] :$bAfrican monsoon multidisciplinary analyses (AMMA)
=336  \\$atext$2rdacontent
=337  \\$acomputer$2rdamedia
=338  \\$aonline resource$2rdacarrier
=500  \\$aTitle from home page (viewed on Sept. 26, 2011).
=506  \\$aUsers must register to access data.
=516  \\$aapplication/msexcel; text/plain; text/csv; ArcView; GeoTIFF.
=520  \\$aProvides directly measured, satellite and model data from research into the West African monsoon. Users must register to access data, and permission to access data will be granted by the PI responsible for data. Data covers aspects including atmospheric chemistry; agronomy and vegetation; meteorology, including clouds and rainfall; social and health impacts; hydrology and water chemistry; ocean data; soils and topography.
=538  \\$aMode of access: World Wide Web.
=540  \\$aNot stated.
=546  \\$aInterface in English and French.
=584  \\$aData are collected by parties to the AMMA consortium.
=584  \\$aAccepting data submissions: no.
=650  \0$aMonsoons$zAfrica, West$vDatabases.
=650  \0$aMonsoons$zAfrica, West$xResearch$vDatabases.
=650  \0$aMonsoons$zAfrica, West$vObservations$vDatabases.
=653  2\$aLiving With Environmental Change
=653  2\$aFlooding
=655  \7$aDataset.$2local
=655  \7$aObservational data.$2local
=655  \7$aMonitoring data.$2local
=655  \7$aReference data.$2local
=690  7\$aResearch Datasets Collection$2blcoll
=710  2\$aAfrican Monsoon Multidisciplinary Analyses (Project)
=710  2\$aMEDIAS France.
=856  40$uhttp://database.amma-international.org/home.jsf$yResearch Datasets Collection
=859  \\$aXLD$bdatasets
=CAT  \\$aRESDATASET$b00$c20110825$lBLL01$h1145
=CAT  \\$a7332$b40$c20110927$lBLL01$h1054
=CAT  \\$a7332$b40$c20111020$lBLL01$h0830
=CAT  \\$aBATCH-UPD$b40$c20120821$lBLL01$h1643
=CAT  \\$a7332$b40$c20121009$lBLL01$h0843
=CAT  \\$aBATCH-UPD$b40$c20121018$lBLL01$h1009
=CAT  \\$aWR13.117$c20130718$lBLL01$h1857
=CAT  \\$a11340$b40$c20130815$lBLL01$h1026
=CAT  \\$a11340$b40$c20130815$lBLL01$h1027
=CAT  \\$aBATCH-UPD$b40$c20160924$lBLL01$h0257
=CAT  \\$aW1606-1753$c20171028$lBLL01$h1342
=FIN  \\$aY$d20110927
=FMT  \\$a  SE
=LAS  \\$aW1606-1753$b00$c20171028$lBLL01$h1342
=SRC  \\$aBLDatasets$bstm_datasets_20110825_mrc.xml
=TCO  \\$aZZZ$c008

