=LDR  03469 ai a2200685 a 4500
=001  015876925
=003  Uk
=005  20120228091611.0
=006  m\\\\\\\\m\|\\\\\\
=007  cr\|||||||||||
=008  110825c200u9999xxuuu\d\o\\\\\0\\\a2eng\\
=024  7\$astm20110413c$2local
=033  2\$a19990616$a19990709
=040  \\$aUk$beng$cUk
=042  \\$aukblsr
=082  04$a551.52509113$223
=245  00$aArctic mesopause temperature study$h[electronic resource].
=246  3\$aAMTS
=260  \\$aBoulder :$bUniversity Corporation for Atmospheric Research Earth Observing Laboratory
=336  \\$atext$2rdacontent
=337  \\$acomputer$2rdamedia
=338  \\$aonline resource$2rdacarrier
=500  \\$aTitle from home page (viewed on Feb. 7, 2012).
=500  \\$aData is static.
=506  \\$aData are free to access.
=518  \\$aJune 16-Sept. 7, 1999.
=520  \\$aThe Arctic Mesopause Temperature Study (AMTS) targeted the coldest part of the earth's atmosphere: the mesopause, about 85 kilometers (53 miles) above the North Pole in summer. The cold is caused by an upwelling of air over the polar caps, says principal investigator Chester Gardner (University of Illinois, UI). Before AMTS, the highest altitude at which polar temperatures had been measured was about 30 km, using balloons. To sample the mesopause, Gardner collaborated with George Papen (UI), Jerry Gelbwachs (The Aerospace Corporation), and RAF to develop and deploy a new instrument, the Iron Boltzmann Lidar. It takes advantage of a layer of atomic iron in the mesosphere, the residue of meteors that burned up in this region. Iron absorbs light and re-emits it at certain wavelengths, giving a bright backscatter signal. The lasers in the lidar are tuned to two of those wavelengths. As the laser light passes through the iron layer, the resulting glow is detected by the lidar's two telescopes.
=538  \\$aMode of access: World Wide Web.
=540  \\$aNot stated.
=584  \\$aAccepting data submissions: no.
=650  \0$aAtmospheric temperature$zArctic regions$vObservations$vDatabases.
=650  \0$aMesosphere$xResearch$vDatabases.
=650  \0$aThermosphere$xResearch$vDatabases.
=653  2\$aLiving With Environmental Change
=655  \7$aDataset.$2local
=655  \7$aObservational data.$2local
=655  \7$aMonitoring data.$2local
=655  \7$aReference data.$2local
=690  7\$aResearch Datasets Collection$2blcoll
=700  1\$aGardner, Chester.
=710  2\$aUniversity Corporation for Atmospheric Research.
=710  2\$aNational Center for Atmospheric Research (U.S.).$bEarth Observing Laboratory.
=856  40$uhttp://data.eol.ucar.edu/codiac/projs?AMTS$yResearch Datasets Collection
=859  \\$aXLD$bdatasets
=CAT  \\$aRESDATASET$b00$c20110825$lBLL01$h1145
=CAT  \\$a7332$b40$c20120207$lBLL01$h0856
=CAT  \\$a7332$b40$c20120207$lBLL01$h1042
=CAT  \\$a7332$b40$c20120208$lBLL01$h0727
=CAT  \\$a7332$b40$c20120208$lBLL01$h0906
=CAT  \\$a7332$b40$c20120208$lBLL01$h1116
=CAT  \\$a7332$b40$c20120228$lBLL01$h0916
=CAT  \\$aBATCH-UPD$b40$c20120821$lBLL01$h1643
=CAT  \\$aBATCH-UPD$b40$c20121018$lBLL01$h1009
=CAT  \\$aWR13.117$c20130718$lBLL01$h1857
=CAT  \\$aW1606-1753$c20171028$lBLL01$h1342
=FIN  \\$aY$d20120207
=FMT  \\$a  SE
=LAS  \\$aW1606-1753$b00$c20171028$lBLL01$h1342
=SRC  \\$aBLDatasets$bstm_datasets_20110825_mrc.xml
=TCO  \\$aZZZ$c008

