=LDR  03279 ai a2200625 a 4500
=001  015876927
=003  Uk
=005  20120417103647.0
=006  m\\\\\\\\m\|\\\\\\
=007  cr\|||||||||||
=008  110825c200u9999xxuuu\d\o\\\\\0\\\a2eng\\
=024  7\$astm20110413e$2local
=040  \\$aUk$beng$cUk
=042  \\$aukblsr
=082  04$a551.6998$223
=245  00$aArctic regional climate model intercomparison project$h[electronic resource].
=246  3\$aARC-MIP
=260  \\$aBoulder :$bUniversity Corporation for Atmospheric Research Earth Observing Laboratory
=336  \\$atext$2rdacontent
=337  \\$acomputer$2rdamedia
=338  \\$aonline resource$2rdacarrier
=500  \\$aTitle from home page (viewed on Apr. 3, 2012).
=506  \\$aUsers must apply for access to data.
=520  \\$aAn international intercomparison of 5 regional model simulations in the Arctic will be conducted using a common forcing dataset. The Arctic Regional Climate Model Intercomparison Project (ARCMIP) will focus on the SHEBA year. The rationale for selecting this period is that high quality data are available from SHEBA, the ARM Barrow site, aircraft observations and several satellite remote sensing. In addition, extensive data are available from the Mackenzie GEWEX Study (MAGS), a series of large-scale hydrological and related atmospheric and land-atmosphere studies to be conducted within the Mackenzie Basin in Canada. Each of the modeling groups will focus on a different aspect of the model intercomparison, but there are some broader goals which can be addressed by this project including better understanding of processes and process parameterizations, model uncertainty and global climate model circulation simulations.
=538  \\$aMode of access: World Wide Web.
=540  \\$aNot stated.
=584  \\$aAccepting data submissions: no.
=650  \0$aClimatic changes$zArctic regions$xResearch.
=650  \0$aClimatic changes$zArctic regions$vDatabases.
=651  \0$aArctic regions$xClimate$xMathematical models$vDatabases.
=653  2\$aLiving With Environmental Change
=655  \7$aDataset.$2local
=655  \7$aObservational data.$2local
=655  \7$aMonitoring data.$2local
=655  \7$aReference data.$2local
=690  7\$aResearch Datasets Collection$2blcoll
=710  2\$aUniversity Corporation for Atmospheric Research.
=710  2\$aNational Center for Atmospheric Research (U.S.).$bEarth Observing Laboratory.
=710  2\$aArctic Regional Climate Model Intercomparison Project.
=856  40$uhttp://data.eol.ucar.edu/codiac/projs?ARC-MIP$yResearch Datasets Collection
=859  \\$aXLD$bdatasets
=CAT  \\$aRESDATASET$b00$c20110825$lBLL01$h1145
=CAT  \\$a7332$b40$c20120403$lBLL01$h0827
=CAT  \\$a7332$b40$c20120403$lBLL01$h0903
=CAT  \\$a7332$b40$c20120417$lBLL01$h1036
=CAT  \\$aBATCH-UPD$b40$c20120821$lBLL01$h1643
=CAT  \\$aBATCH-UPD$b40$c20121018$lBLL01$h1010
=CAT  \\$aWR13.117$c20130718$lBLL01$h1857
=CAT  \\$aBATCH-UPD$b00$c20150513$lBLL01$h1819
=CAT  \\$aW1606-1753$c20171028$lBLL01$h1342
=FIN  \\$aY$d20120403
=FMT  \\$a  SE
=LAS  \\$aW1606-1753$b00$c20171028$lBLL01$h1342
=SRC  \\$aBLDatasets$bstm_datasets_20110825_mrc.xml
=TCO  \\$aZZZ$c008

