=LDR  02174 ai a2200577 a 4500
=001  015876929
=003  Uk
=005  20120417102558.0
=006  m\\\\\\\\m\|\\\\\\
=007  cr\|||||||||||
=008  110825c200u9999xxuuu\d\o\\\\\0\\\a2eng\\
=024  7\$astm20110413g$2local
=040  \\$aUk$beng$cUk
=042  \\$aukblsr
=082  04$a551.524631$223
=245  00$aAtlantic Stratocumulus Transition Experiment / MAGE$h[electronic resource].
=246  3\$aASTEX/MAGE
=260  \\$aBoulder :$bUniversity Corporation for Atmospheric Research Earth Observing Laboratory
=336  \\$atext$2rdacontent
=337  \\$acomputer$2rdamedia
=338  \\$aonline resource$2rdacarrier
=500  \\$aTitle from home page (viewed on Apr. 3, 2012).
=506  \\$aUsers must apply for access to data.
=538  \\$aMode of access: World Wide Web.
=540  \\$aNot stated.
=584  \\$aAccepting data submissions: no.
=650  \0$aOcean-atmosphere interaction$zAtlantic Ocean Region$vObservations$vDatabases.
=650  \0$aClouds$zAtlantic Ocean Region$vObservations$vDatabases.
=650  \0$aAtmospheric aerosols$vObservations$vDatabases.
=650  \0$aAtmospheric chemistry$vObservations$vDatabases.
=653  2\$aLiving With Environmental Change
=655  \7$aDataset.$2local
=655  \7$aObservational data.$2local
=655  \7$aMonitoring data.$2local
=655  \7$aReference data.$2local
=690  7\$aResearch Datasets Collection$2blcoll
=710  2\$aAtlantic Stratocumulus Transition Experiment (Project)
=856  40$uhttp://data.eol.ucar.edu/codiac/projs?ASTEX$yResearch Datasets Collection
=859  \\$aXLD$bdatasets
=CAT  \\$aRESDATASET$b00$c20110825$lBLL01$h1145
=CAT  \\$a7332$b40$c20120403$lBLL01$h1310
=CAT  \\$a7332$b40$c20120417$lBLL01$h1025
=CAT  \\$aBATCH-UPD$b40$c20120821$lBLL01$h1643
=CAT  \\$aBATCH-UPD$b40$c20121018$lBLL01$h1009
=CAT  \\$aWR13.117$c20130718$lBLL01$h1857
=CAT  \\$aW1606-1753$c20171028$lBLL01$h1342
=FIN  \\$aY$d20120403
=FMT  \\$a  SE
=LAS  \\$aW1606-1753$b00$c20171028$lBLL01$h1342
=SRC  \\$aBLDatasets$bstm_datasets_20110825_mrc.xml
=TCO  \\$aZZZ$c008

