=LDR  02332 ai a2200613 a 4500
=001  015876930
=003  Uk
=005  20120328080454.0
=006  m\\\\\\\\m\|\\\\\\
=007  cr\|||||||||||
=008  110825c200u9999xxuuu\d\o\\\\\0\\\a2eng\\
=024  7\$astm20110413h$2local
=040  \\$aUk$beng$cUk
=042  \\$aukblsr
=082  04$a551.09113$223
=245  00$aArctic transitions in the land-atmosphere system$h[electronic resource].
=246  3\$aATLAS
=260  \\$aBoulder :$bUniversity Corporation for Atmospheric Research
=336  \\$atext$2rdacontent
=337  \\$acomputer$2rdamedia
=338  \\$aonline resource$2rdacarrier
=500  \\$aTitle from home page (viewed on Feb. 7, 2012).
=506  \\$aUsers must apply for access to data.
=538  \\$aMode of access: World Wide Web.
=540  \\$aNot stated.
=584  \\$aAccepting data submissions: no.
=650  \0$aEcology$zArctic regions$xResearch$vDatabases.
=650  \0$aHydrology$zArctic regions$xResearch$vDatabases.
=650  \0$aClimatology$xResearch$zArctic regions$vDatabases.
=651  \0$aArctic regions$xResearch$vDatabases.
=653  2\$aLiving With Environmental Change
=655  \7$aDataset.$2local
=655  \7$aObservational data.$2local
=655  \7$aMonitoring data.$2local
=655  \7$aReference data.$2local
=690  7\$aResearch Datasets Collection$2blcoll
=710  2\$aUniversity Corporation for Atmospheric Research.$bJoint Office for Science Support.
=710  2\$aArctic Transitions in the Land-Atmosphere System (Project)
=710  2\$aNational Center for Atmospheric Research (U.S.).$bEarth Observing Laboratory.
=856  40$uhttp://www.eol.ucar.edu/projects/atlas/$yResearch Datasets Collection
=859  \\$aXLD$bdatasets
=CAT  \\$aRESDATASET$b00$c20110825$lBLL01$h1145
=CAT  \\$a7332$b40$c20120208$lBLL01$h1325
=CAT  \\$a7332$b40$c20120208$lBLL01$h1334
=CAT  \\$a7332$b40$c20120328$lBLL01$h0804
=CAT  \\$aBATCH-UPD$b40$c20120821$lBLL01$h1643
=CAT  \\$aBATCH-UPD$b40$c20121018$lBLL01$h1010
=CAT  \\$aWR13.117$c20130718$lBLL01$h1857
=CAT  \\$aW1606-1753$c20171028$lBLL01$h1342
=FIN  \\$aY$d20120208
=FMT  \\$a  SE
=LAS  \\$aW1606-1753$b00$c20171028$lBLL01$h1342
=SRC  \\$aBLDatasets$bstm_datasets_20110825_mrc.xml
=TCO  \\$aZZZ$c008

