=LDR  02751 ai a2200625 a 4500
=001  015876931
=003  Uk
=005  20120228084830.0
=006  m\\\\\\\\m\|\\\\\\
=007  cr\|||||||||||
=008  110825c200u9999xxuuu\d\o\\\\\0\\\a2eng\\
=024  7\$astm20110413j$2local
=040  \\$aUk$beng$cUk
=042  \\$aukblsr
=082  04$a551.554$223
=245  00$aBow echo and mesoscale convective vortex experiment (BAMEX) 2003 data management$h[electronic resource].
=246  3\$aBAMEX
=260  \\$aBoulder :$bNCAR Earth Observing Laboratory
=336  \\$atext$2rdacontent
=337  \\$acomputer$2rdamedia
=338  \\$aonline resource$2rdacarrier
=500  \\$aTitle from home page (viewed on Feb. 7, 2012).
=506  \\$aUsers must apply for access to data.
=520  \\$aBAMEX is a study using highly mobile platforms to examine the life cycles of mesoscale convective systems. It represents a combination of two related programs to investigate (a) bow echoes, principally those which produce damaging surface winds and last at least 4 hours and (b) larger convective systems which produce long lived mesoscale convective vortices (MCVs).
=538  \\$aMode of access: World Wide Web.
=540  \\$aAll data will be considered public domain not more than one year following the end of the BAMEX field phase.
=584  \\$aAccepting data submissions: no.
=650  \0$aConvection (Meteorology)$vObservations$vDatabases.
=650  \0$aSevere storms$vObservations$vDatabases.
=653  2\$aLiving With Environmental Change
=655  \7$aDataset.$2local
=655  \7$aObservational data.$2local
=655  \7$aMonitoring data.$2local
=655  \7$aReference data.$2local
=690  7\$aResearch Datasets Collection$2blcoll
=710  2\$aNational Center for Atmospheric Research (U.S.).$bEarth Observing Laboratory.
=710  2\$aBow Echo and Mesoscale Convective Vortex Experiment.
=856  40$uhttp://www.eol.ucar.edu/projects/bamex/dm/$yResearch Datasets Collection
=859  \\$aXLD$bdatasets
=CAT  \\$aRESDATASET$b00$c20110825$lBLL01$h1145
=CAT  \\$a7332$b40$c20120207$lBLL01$h1357
=CAT  \\$a7332$b40$c20120208$lBLL01$h0728
=CAT  \\$a7332$b40$c20120208$lBLL01$h0906
=CAT  \\$a7332$b40$c20120208$lBLL01$h1125
=CAT  \\$a7332$b40$c20120228$lBLL01$h0848
=CAT  \\$aBATCH-UPD$b40$c20120821$lBLL01$h1643
=CAT  \\$aBATCH-UPD$b40$c20121018$lBLL01$h1010
=CAT  \\$aWR13.117$c20130718$lBLL01$h1857
=CAT  \\$aBATCH-UPD$b00$c20160924$lBLL01$h0300
=CAT  \\$aW1606-1753$c20171028$lBLL01$h1342
=FIN  \\$aY$d20120207
=FMT  \\$a  SE
=LAS  \\$aW1606-1753$b00$c20171028$lBLL01$h1342
=SRC  \\$aBLDatasets$bstm_datasets_20110825_mrc.xml
=TCO  \\$aZZZ$c008

