=LDR  02377 ai a2200601 a 4500
=001  015876932
=003  Uk
=005  20130927141201.0
=006  m\\\\\\\\m\|\\\\\\
=007  cr\|||||||||||
=008  110825c200u9999xxuuu\d\o\\\\\0\\\a2eng\\
=024  7\$astm20110413s$2local
=040  \\$aUk$beng$cUk$dUk
=042  \\$aukblsr
=082  04$a577.370971$223
=245  04$aThe Boreal Ecosystem Atmosphere Study$h[electronic resource].
=246  3\$aBOREAS
=260  \\$aOak Ridge :$bORNL DAAC
=336  \\$atext$2rdacontent
=337  \\$acomputer$2rdamedia
=338  \\$aonline resource$2rdacarrier
=500  \\$aTitle from home page (viewed on Mar. 23, 2012).
=506  \\$aUsers must register to access data.
=520  \\$aData from the Boreal Ecosystem - Atmosphere Study (BOREAS), investigating interactions between the boreal forest and the atmosphere. Data covers aspects such as airborne fluxes and meteorology, hydrology, terrestrial ecology, remote sensing and trace gases.
=538  \\$aMode of access: World Wide Web.
=540  \\$aNot stated.
=584  \\$aAccepting data submissions: no.
=650  \0$aTaigas$zCanada$vDatabases.
=650  \0$aPlant-atmosphere relationships$zCanada$vDatabases.
=653  2\$aLiving With Environmental Change
=655  \7$aDataset.$2local
=655  \7$aObservational data.$2local
=655  \7$aMonitoring data.$2local
=655  \7$aReference data.$2local
=690  7\$aResearch Datasets Collection$2blcoll
=710  2\$aBoreal Ecosystem-Atmosphere Study.
=710  2\$aOak Ridge National Laboratory.$bDistributed Active Archive Center for Biogeochemical Dynamics.
=856  40$uhttp://daac.ornl.gov/BOREAS/boreas.shtml$yResearch Datasets Collection
=859  \\$aXLD$bdatasets
=CAT  \\$aRESDATASET$b00$c20110825$lBLL01$h1145
=CAT  \\$a7332$b40$c20120323$lBLL01$h1054
=CAT  \\$a7332$b40$c20120402$lBLL01$h0822
=CAT  \\$aBATCH-UPD$b40$c20120821$lBLL01$h1643
=CAT  \\$aBATCH-UPD$b40$c20121018$lBLL01$h1009
=CAT  \\$aWR13.117$c20130718$lBLL01$h1857
=CAT  \\$a7332$b40$c20130927$lBLL01$h1412
=CAT  \\$aBATCH-UPD$b40$c20160924$lBLL01$h0300
=CAT  \\$aW1606-1753$c20171028$lBLL01$h1342
=FIN  \\$aY$d20120323
=FMT  \\$a  SE
=LAS  \\$aW1606-1753$b00$c20171028$lBLL01$h1342
=SRC  \\$aBLDatasets$bstm_datasets_20110825_mrc.xml
=TCO  \\$aZZZ$c008

