=LDR  02517 ai a2200637 a 4500
=001  015876933
=003  Uk
=005  20120208112143.0
=006  m\\\\\\\\m\|\\\\\\
=007  cr\|||||||||||
=008  110825c200u9999xxuuu\d\o\\\\\0\\\a2eng\\
=024  7\$astm20110413k$2local
=033  2\$a19850105$a19850129
=040  \\$aUk$beng$cUk
=042  \\$aukblsr
=082  04$a551.576$223
=245  00$aBridger Range study$h[electronic resource].
=246  3\$aBRS
=260  \\$aBoulder :$bUniversity Corporation for Atmospheric Research
=336  \\$atext$2rdacontent
=337  \\$acomputer$2rdamedia
=338  \\$aonline resource$2rdacarrier
=500  \\$aTitle from home page (viewed on Feb. 7, 2012).
=500  \\$aData is static.
=506  \\$aUsers must apply for access to data.
=518  \\$aJan. 5-29, 1985.
=520  \\$aThe Bridger Range Study was a short program of microphysical sampling in wintertime orographic clouds. Liquid water content in-cloud ice nuclei plume behavior over the target and microphysical effects of anthropogenic ice nuclei on precipitation particle evolution was studied.
=538  \\$aMode of access: World Wide Web.
=540  \\$aNot stated.
=584  \\$aAccepting data submissions: no.
=650  \0$aCondensation (Meteorology)$vObservations$vDatabases.
=650  \0$aOrographic clouds$vObservations$vDatabases.
=653  2\$aLiving With Environmental Change
=655  \7$aDataset.$2local
=655  \7$aObservational data.$2local
=655  \7$aMonitoring data.$2local
=655  \7$aReference data.$2local
=690  7\$aResearch Datasets Collection$2blcoll
=710  2\$aUniversity Corporation for Atmospheric Research.
=710  2\$aNational Center for Atmospheric Research (U.S.).$bEarth Observing Laboratory.
=856  40$uhttp://data.eol.ucar.edu/codiac/projs?BRS$yResearch Datasets Collection
=859  \\$aXLD$bdatasets
=CAT  \\$aRESDATASET$b00$c20110825$lBLL01$h1145
=CAT  \\$a7332$b40$c20120207$lBLL01$h1039
=CAT  \\$a7332$b40$c20120208$lBLL01$h0728
=CAT  \\$a7332$b40$c20120208$lBLL01$h0906
=CAT  \\$a7332$b40$c20120208$lBLL01$h1121
=CAT  \\$aBATCH-UPD$b40$c20120821$lBLL01$h1643
=CAT  \\$aBATCH-UPD$b40$c20121018$lBLL01$h1010
=CAT  \\$aWR13.117$c20130718$lBLL01$h1857
=CAT  \\$aW1606-1753$c20171028$lBLL01$h1342
=FIN  \\$aY$d20120207
=FMT  \\$a  SE
=LAS  \\$aW1606-1753$b00$c20171028$lBLL01$h1342
=SRC  \\$aBLDatasets$bstm_datasets_20110825_mrc.xml
=TCO  \\$aZZZ$c008

