=LDR  02611 ai a2200625 a 4500
=001  015876934
=003  Uk
=005  20120208112756.0
=006  m\\\\\\\\m\|\\\\\\
=007  cr\|||||||||||
=008  110825c200u9999xxuuu\d\o\\\\\0\\\a2eng\\
=024  7\$astm20110413i$2local
=033  2\$a19830503$a19830607
=040  \\$aUk$beng$cUk
=042  \\$aukblsr
=082  04$a551.55$223
=245  00$aClean air boundary layer experiment$h[electronic resource].
=246  3\$aCABLE
=260  \\$aBoulder :$bNCAR Earth Observing Laboratory
=336  \\$atext$2rdacontent
=337  \\$acomputer$2rdamedia
=338  \\$aonline resource$2rdacarrier
=500  \\$aTitle from home page (viewed on Feb. 7, 2012).
=500  \\$aData is static.
=506  \\$aUsers must apply for access to data.
=518  \\$aMay 3-June 7, 1983.
=520  \\$aThe major scientific goal of this experiment was to investigate the atmosphere for evidence of parallel instabilities which may lead to the development of squall lines in the central United States. Previous data collected in the SESAME 1979 Experiment indicates that parallel instabilities may be associated with the development of squall lines in the central United States, and that these parallel instabilities may be of very long duration.
=538  \\$aMode of access: World Wide Web.
=540  \\$aNot stated.
=584  \\$aAccepting data submissions: no.
=650  \0$aSquall lines$xResearch$vDatabases.
=650  \0$aAtmosphere$xResearch$vDatabases.
=653  2\$aLiving With Environmental Change
=655  \7$aDataset.$2local
=655  \7$aObservational data.$2local
=655  \7$aMonitoring data.$2local
=655  \7$aReference data.$2local
=690  7\$aResearch Datasets Collection$2blcoll
=710  2\$aUniversity Corporation for Atmospheric Research.
=710  2\$aNational Center for Atmospheric Research (U.S.).$bEarth Observing Laboratory.
=856  40$uhttp://data.eol.ucar.edu/codiac/projs?CABLE$yResearch Datasets Collection
=859  \\$aXLD$bdatasets
=CAT  \\$aRESDATASET$b00$c20110825$lBLL01$h1145
=CAT  \\$a7332$b40$c20120207$lBLL01$h1513
=CAT  \\$a7332$b40$c20120208$lBLL01$h0728
=CAT  \\$a7332$b40$c20120208$lBLL01$h1127
=CAT  \\$aBATCH-UPD$b40$c20120821$lBLL01$h1643
=CAT  \\$aBATCH-UPD$b40$c20121018$lBLL01$h1010
=CAT  \\$aWR13.117$c20130718$lBLL01$h1857
=CAT  \\$aW1606-1753$c20171028$lBLL01$h1342
=FIN  \\$aY$d20120207
=FMT  \\$a  SE
=LAS  \\$aW1606-1753$b00$c20171028$lBLL01$h1342
=SRC  \\$aBLDatasets$bstm_datasets_20110825_mrc.xml
=TCO  \\$aZZZ$c008

