=LDR  03085 ai a2200613 a 4500
=001  015876935
=003  Uk
=005  20120208113110.0
=006  m\\\\\\\\m\|\\\\\\
=007  cr\|||||||||||
=008  110825c200u9999xxuuu\d\o\\\\\0\\\a2eng\\
=024  7\$astm20110413l$2local
=033  2\$a19980713$a19890930
=040  \\$aUk$beng$cUk
=042  \\$aukblsr
=082  04$a551.552$223
=245  00$aConvection and moisture experiment - 3$h[electronic resource].
=246  3\$aCAMEX3
=260  \\$aBoulder :$bNCAR Earth Observing Laboratory
=336  \\$atext$2rdacontent
=337  \\$acomputer$2rdamedia
=338  \\$aonline resource$2rdacarrier
=500  \\$aTitle from home page (viewed on Feb. 8, 2012).
=500  \\$aData is static.
=506  \\$aData are free to access.
=518  \\$aJuly 13-Sept. 30, 1998.
=520  \\$aThe Convection And Moisture EXperiment (CAMEX) is a series of field research investigations sponsored by the Earth Science Enterprise of the National Aeronautics and Space Administration (NASA). The third field campaign in the CAMEX series (CAMEX-3) was based at Patrick Air Force Base , Florida from 6 August - 23 September, 1998. CAMEX-3 successfully studied Hurricanes Bonnie, Danielle, Earl and Georges. CAMEX-3 collected data for research in tropical cyclone development, tracking, intensification, and landfalling impacts using NASA-funded aircraft and surface remote sensing instrumentation. CAMEX-3 produced high spatial and temporal information of hurricane structure, dynamics, and motion. These data, when analyzed within the context of more traditional aircraft, satellite, and ground-based radar observations, are providing additional insight to hurricane modelers and forecasters who continually strive to improve hurricane predictions.
=538  \\$aMode of access: World Wide Web.
=540  \\$aNot stated.
=584  \\$aAccepting data submissions: no.
=650  \0$aHurricanes$zUnited States$vObservations$vDatabases.
=653  2\$aLiving With Environmental Change
=655  \7$aDataset.$2local
=655  \7$aObservational data.$2local
=655  \7$aMonitoring data.$2local
=655  \7$aReference data.$2local
=690  7\$aResearch Datasets Collection$2blcoll
=710  2\$aUniversity Corporation for Atmospheric Research.
=710  2\$aNational Center for Atmospheric Research (U.S.).$bEarth Observing Laboratory.
=856  40$uhttp://data.eol.ucar.edu/codiac/projs?CAMEX3$yResearch Datasets Collection
=859  \\$aXLD$bdatasets
=CAT  \\$aRESDATASET$b00$c20110825$lBLL01$h1145
=CAT  \\$a7332$b40$c20120208$lBLL01$h0805
=CAT  \\$a7332$b40$c20120208$lBLL01$h0907
=CAT  \\$a7332$b40$c20120208$lBLL01$h1131
=CAT  \\$aBATCH-UPD$b40$c20120821$lBLL01$h1643
=CAT  \\$aBATCH-UPD$b40$c20121018$lBLL01$h1010
=CAT  \\$aWR13.117$c20130718$lBLL01$h1857
=CAT  \\$aW1606-1753$c20171028$lBLL01$h1342
=FIN  \\$aY$d20120208
=FMT  \\$a  SE
=LAS  \\$aW1606-1753$b00$c20171028$lBLL01$h1342
=SRC  \\$aBLDatasets$bstm_datasets_20110825_mrc.xml
=TCO  \\$aZZZ$c008

