=LDR  03331 ai a2200613 a 4500
=001  015876936
=003  Uk
=005  20120208113305.0
=006  m\\\\\\\\m\|\\\\\\
=007  cr\|||||||||||
=008  110825c200u9999xxuuu\d\o\\\\\0\\\a2eng\\
=024  7\$astm20110413m$2local
=033  2\$a20010801$a20010930
=040  \\$aUk$beng$cUk
=042  \\$aukblsr
=082  04$a551.552$223
=245  00$aConvection and moisture experiment - 4$h[electronic resource].
=246  3\$aCAMEX4
=260  \\$aBoulder :$bNCAR Earth Observing Laboratory
=336  \\$atext$2rdacontent
=337  \\$acomputer$2rdamedia
=338  \\$aonline resource$2rdacarrier
=500  \\$aTitle from home page (viewed on Feb. 8, 2012).
=500  \\$aData is static.
=506  \\$aData are free to access.
=518  \\$aAug. 1-Sept. 30, 2001.
=520  \\$aThe Convection And Moisture EXperiment (CAMEX) is a series of field research investigations sponsored by the Earth Science Enterprise of the National Aeronautics and Space Administration (NASA). The fourth field campaign in the CAMEX series (CAMEX-4) was held in 16 August - 24 September, 2001. CAMEX-4 is focused on the study of tropical cyclone (hurricane) development, tracking, intensification, and landfalling impacts using NASA-funded aircraft and surface remote sensing instrumentation. The primary aircraft used during CAMEX-4 were the NASA DC-8 and ER-2 research airborne platforms. These instrumented aircraft flew over, through, and around selected hurricanes as they approached landfall in the Caribbean, Gulf of Mexico, and along the east coast of the United States. The NASA aircraft investigated upper altitude regions of the hurricane not normally sampled. This study yielded high spatial and temporal information of hurricane structure, dynamics, and motion. The results aided in the accuracy of hurricane predictions. More accurate hurricane predictions at landfall resulted in decreasing the size of necessary coastal evacuations and increasing the warning time for those areas.
=538  \\$aMode of access: World Wide Web.
=540  \\$aNot stated.
=584  \\$aAccepting data submissions: no.
=650  \0$aHurricanes$zUnited States$vObservations$vDatabases.
=653  2\$aLiving With Environmental Change
=655  \7$aDataset.$2local
=655  \7$aObservational data.$2local
=655  \7$aMonitoring data.$2local
=655  \7$aReference data.$2local
=690  7\$aResearch Datasets Collection$2blcoll
=710  2\$aUniversity Corporation for Atmospheric Research.
=710  2\$aNational Center for Atmospheric Research (U.S.).$bEarth Observing Laboratory.
=856  40$uhttp://data.eol.ucar.edu/codiac/projs?CAMEX4$yResearch Datasets Collection
=859  \\$aXLD$bdatasets
=CAT  \\$aRESDATASET$b00$c20110825$lBLL01$h1145
=CAT  \\$a7332$b40$c20120208$lBLL01$h0805
=CAT  \\$a7332$b40$c20120208$lBLL01$h0907
=CAT  \\$a7332$b40$c20120208$lBLL01$h1133
=CAT  \\$aBATCH-UPD$b40$c20120821$lBLL01$h1643
=CAT  \\$aBATCH-UPD$b40$c20121018$lBLL01$h1010
=CAT  \\$aWR13.117$c20130718$lBLL01$h1857
=CAT  \\$aW1606-1753$c20171028$lBLL01$h1342
=FIN  \\$aY$d20120208
=FMT  \\$a  SE
=LAS  \\$aW1606-1753$b00$c20171028$lBLL01$h1342
=SRC  \\$aBLDatasets$bstm_datasets_20110825_mrc.xml
=TCO  \\$aZZZ$c008

