=LDR  02636 ai a2200613 a 4500
=001  015876937
=003  Uk
=005  20120208113509.0
=006  m\\\\\\\\m\|\\\\\\
=007  cr\|||||||||||
=008  110825c200u9999xxuuu\d\o\\\\\0\\\a2eng\\
=024  7\$astm20110413n$2local
=033  2\$a19840720$a19840817
=040  \\$aUk$beng$cUk
=042  \\$aukblsr
=082  04$a551.576$223
=245  00$aCumulonimbus mass flux$h[electronic resource].
=246  3\$aCBMF
=260  \\$aBoulder :$bNCAR Earth Observing Laboratory
=336  \\$atext$2rdacontent
=337  \\$acomputer$2rdamedia
=338  \\$aonline resource$2rdacarrier
=500  \\$aTitle from home page (viewed on Feb. 8, 2012).
=500  \\$aData is static.
=506  \\$aUsers must apply for access to data.
=518  \\$aJuly 20-Aug. 17, 1984.
=520  \\$aThe Cumulonimbus Mass Flux study collected convergence measurements around cumulonimbus clouds over the Magdalena Mountain Range of New Mexico in the vicinity of the Langmuir Laboratory. The Sabreliner was used to obtain horizontal mass fluxes in and out of cumulonimbus clouds and compare the measurements with those obtained by the Doppler radar. Radar chaff drops by aircraft outside the cloud further enhanced the usefulness of the radar measurements and allowed estimates of flow in and out of the storms over a broad altitude range.
=538  \\$aMode of access: World Wide Web.
=540  \\$aNot stated.
=584  \\$aAccepting data submissions: no.
=650  \0$aCumulonimbus$vObservations$vDatabases.
=653  2\$aLiving With Environmental Change
=653  \\$aCloud Mass Flux.
=655  \7$aDataset.$2local
=655  \7$aObservational data.$2local
=655  \7$aMonitoring data.$2local
=655  \7$aReference data.$2local
=690  7\$aResearch Datasets Collection$2blcoll
=710  2\$aUniversity Corporation for Atmospheric Research.
=710  2\$aNational Center for Atmospheric Research (U.S.).$bEarth Observing Laboratory.
=856  40$uhttp://data.eol.ucar.edu/codiac/projs?CBMF$yResearch Datasets Collection
=859  \\$aXLD$bdatasets
=CAT  \\$aRESDATASET$b00$c20110825$lBLL01$h1145
=CAT  \\$a7332$b40$c20120208$lBLL01$h1009
=CAT  \\$a7332$b40$c20120208$lBLL01$h1135
=CAT  \\$aBATCH-UPD$b40$c20120821$lBLL01$h1643
=CAT  \\$aBATCH-UPD$b40$c20121018$lBLL01$h1010
=CAT  \\$aWR13.117$c20130718$lBLL01$h1857
=CAT  \\$aW1606-1753$c20171028$lBLL01$h1342
=FIN  \\$aY$d20120208
=FMT  \\$a  SE
=LAS  \\$aW1606-1753$b00$c20171028$lBLL01$h1342
=SRC  \\$aBLDatasets$bstm_datasets_20110825_mrc.xml
=TCO  \\$aZZZ$c008

