=LDR  02056 ai a2200577 a 4500
=001  015876939
=003  Uk
=005  20120221084131.0
=006  m\\\\\\\\m\|\\\\\\
=007  cr\|||||||||||
=008  110825c200u9999ja\uu\d\o\\\\\0\\\a2eng\\
=024  7\$astm20110413p$2local
=040  \\$aUk$beng$cUk
=042  \\$aukblsr
=082  04$a551.48$223
=245  00$aCEOP satellite data gateway$h[electronic resource].
=260  \\$aTokyo :$bUniversity of Tokyo
=336  \\$atext$2rdacontent
=337  \\$acomputer$2rdamedia
=338  \\$aonline resource$2rdacarrier
=500  \\$aTitle from home page (viewed on Feb. 17, 2012).
=506  \\$aUsers must register to access data.
=538  \\$aMode of access: World Wide Web.
=540  \\$aNot stated.
=584  \\$aAccepting data submissions: no.
=650  \0$aHydrologic cycle$xResearch$vDatabases.
=650  \0$aHydrologic cycle$xForecasting$vDatabases.
=650  \0$aSatellite meteorology$xResearch$vDatabases.
=653  2\$aLiving With Environmental Change
=655  \7$aDataset.$2local
=655  \7$aObservational data.$2local
=655  \7$aMonitoring data.$2local
=655  \7$aReference data.$2local
=690  7\$aResearch Datasets Collection$2blcoll
=710  2\$aCoordinated Energy and Water Cycle Observations Project.
=710  2\$aGlobal Energy and Water Cycle Experiment.
=710  2\$aWorld Climate Research Programme.
=856  40$uhttp://monsoon.t.u-tokyo.ac.jp/ceop2/satellite/$yResearch Datasets Collection
=859  \\$aXLD$bdatasets
=CAT  \\$aRESDATASET$b00$c20110825$lBLL01$h1145
=CAT  \\$a7332$b40$c20120217$lBLL01$h1352
=CAT  \\$a7332$b40$c20120221$lBLL01$h0841
=CAT  \\$aBATCH-UPD$b40$c20120821$lBLL01$h1643
=CAT  \\$aBATCH-UPD$b40$c20121018$lBLL01$h1009
=CAT  \\$aWR13.117$c20130718$lBLL01$h1857
=CAT  \\$aW1606-1753$c20171028$lBLL01$h1342
=FIN  \\$aY$d20120217
=FMT  \\$a  SE
=LAS  \\$aW1606-1753$b00$c20171028$lBLL01$h1342
=SRC  \\$aBLDatasets$bstm_datasets_20110825_mrc.xml
=TCO  \\$aZZZ$c008

