=LDR  02299 ai a2200625 a 4500
=001  015876940
=003  Uk
=005  20120221082339.0
=006  m\\\\\\\\m\|\\\\\\
=007  cr\|||||||||||
=008  110825c200u9999xxuuu\d\o\\\\\0\\\a2eng\\
=024  7\$astm20110413q$2local
=033  2\$a19930307$a19930407
=040  \\$aUk$beng$cUk
=042  \\$aukblsr
=082  04$a551.57$223
=245  00$aCentral Equatorial Pacific Experiment$h[electronic resource].
=246  3\$aCEPEX
=260  \\$aBoulder :$bUniversity Corporation for Atmospheric Research Earth Observing Laboratory
=336  \\$atext$2rdacontent
=337  \\$acomputer$2rdamedia
=338  \\$aonline resource$2rdacarrier
=500  \\$aTitle from home page (viewed on Feb. 17, 2012).
=506  \\$aUsers must apply for access to data.
=518  \\$aMar. 7-Apr. 7, 1993.
=538  \\$aMode of access: World Wide Web.
=540  \\$aNot stated.
=584  \\$aAccepting data submissions: no.
=650  \0$aWater vapor, Atmospheric$vObservations$vDatabases.
=650  \0$aCirrus clouds$xResearch$vDatabases.
=650  \0$aGlobal warming$xResearch$vDatabases.
=653  2\$aLiving With Environmental Change
=655  \7$aDataset.$2local
=655  \7$aObservational data.$2local
=655  \7$aMonitoring data.$2local
=655  \7$aReference data.$2local
=690  7\$aResearch Datasets Collection$2blcoll
=710  2\$aUniversity Corporation for Atmospheric Research.
=710  2\$aNational Center for Atmospheric Research (U.S.).$bEarth Observing Laboratory.
=710  2\$aCentral Equatorial Pacific Experiment.
=856  40$uhttp://data.eol.ucar.edu/codiac/projs?CEPEX$yResearch Datasets Collection
=859  \\$aXLD$bdatasets
=CAT  \\$aRESDATASET$b00$c20110825$lBLL01$h1145
=CAT  \\$a7332$b40$c20120217$lBLL01$h1528
=CAT  \\$a7332$b40$c20120221$lBLL01$h0823
=CAT  \\$aBATCH-UPD$b40$c20120821$lBLL01$h1643
=CAT  \\$aBATCH-UPD$b40$c20121018$lBLL01$h1010
=CAT  \\$aWR13.117$c20130718$lBLL01$h1857
=CAT  \\$aBATCH-UPD$b00$c20160924$lBLL01$h0300
=CAT  \\$aW1606-1753$c20171028$lBLL01$h1342
=FIN  \\$aY$d20120217
=FMT  \\$a  SE
=LAS  \\$aW1606-1753$b00$c20171028$lBLL01$h1342
=SRC  \\$aBLDatasets$bstm_datasets_20110825_mrc.xml
=TCO  \\$aZZZ$c008

