=LDR  03213 ai a2200577 a 4500
=001  015876941
=003  Uk
=005  20120417100313.0
=006  m\\\\\\\\m\|\\\\\\
=007  cr\|||||||||||
=008  110825c200u9999xxuuu\d\o\\\\\0\\\a2eng\\
=024  7\$astm20110413r$2local
=040  \\$aUk$beng$cUk
=042  \\$aukblsr
=082  04$a551.5180287$223
=245  00$aCanopy horizontal array turbulence study$h[electronic resource].
=246  3\$aCHATS
=260  \\$bUniversity Corporation for Atmospheric Research Earth Observing Laboratory
=336  \\$atext$2rdacontent
=337  \\$acomputer$2rdamedia
=338  \\$aonline resource$2rdacarrier
=500  \\$aTitle from home page (viewed on Apr. 3, 2012).
=506  \\$aUsers must apply for access to data.
=520  \\$aThe objective of CHATS was to make spatial measurements of the velocity and scalar turbulence fields in a uniformly vegetated canopy, using arrays of sonic anemometer/thermometers augmented with fast response water vapor and carbon dioxide sensors. With this spatial information, the three-dimensional fields of velocity and scalar fluctuations can be studied to quantify turbulence transport processes and coherent structures throughout the canopy layer. An ancillary goal was to characterize the turbulent structure of the fields of wind, temperature, humidity, and trace chemical species within and above the orchard canopy. The main sonic array was supplemented with a 30-m vertical profile of 16 sonic anemometers and 12 hygrothermometers, extending from near the surface, through the canopy and roughness sublayer, to well above canopy top. Also requested are fast-response static pressure sensors and hot-wire/film anemometers to be collocated with the sonic anemometers in the horizontal array, as well as a digital camera system to measure leaf area index (LAI). Finally radiation and soil measurements were made to complete the thermal energy budget of the canopy.
=538  \\$aMode of access: World Wide Web.
=540  \\$aNot stated.
=584  \\$aAccepting data submissions: no.
=650  \0$aWind$vObservations$vDatabases.
=650  \0$aAtmospheric turbulence$vObservations$vDatabases.
=650  \0$aForest canopies.$vObservations$vDatabases.
=653  2\$aLiving With Environmental Change
=655  \7$aDataset.$2local
=655  \7$aObservational data.$2local
=655  \7$aMonitoring data.$2local
=655  \7$aReference data.$2local
=690  7\$aResearch Datasets Collection$2blcoll
=710  2\$aCanopy Horizontal Array Turbulence Study (Project)
=856  40$uhttp://data.eol.ucar.edu/codiac/projs?CHATS$yResearch Datasets Collection
=859  \\$aXLD$bdatasets
=CAT  \\$aRESDATASET$b00$c20110825$lBLL01$h1145
=CAT  \\$a7332$b40$c20120403$lBLL01$h1455
=CAT  \\$a7332$b40$c20120417$lBLL01$h1003
=CAT  \\$aBATCH-UPD$b40$c20120821$lBLL01$h1643
=CAT  \\$aBATCH-UPD$b40$c20121018$lBLL01$h1009
=CAT  \\$aWR13.117$c20130718$lBLL01$h1857
=CAT  \\$aW1606-1753$c20171028$lBLL01$h1342
=FIN  \\$aY$d20120403
=FMT  \\$a  SE
=LAS  \\$aW1606-1753$b00$c20171028$lBLL01$h1342
=SRC  \\$aBLDatasets$bstm_datasets_20110825_mrc.xml
=TCO  \\$aZZZ$c008

