=LDR  02700 ai a2200589 a 4500
=001  015876942
=003  Uk
=005  20111020095103.0
=006  m\\\\\\\\m\|\\\\\\
=007  cr\|||||||||||
=008  110825c200u9999xxuuu\d\o\\\\\0\\\a2eng\\
=024  7\$astm20110825a$2local
=040  \\$aUk$beng$cUk
=042  \\$aukblsr
=082  04$a581.973$223
=245  00$aVegBank$h[electronic resource].
=260  \\$aWashington D.C. :$bEcological Society of America
=336  \\$atext$2rdacontent
=337  \\$acomputer$2rdamedia
=338  \\$aonline resource$2rdacarrier
=500  \\$aTitle from (viewed on Sept. 20, 2011).
=506  \\$aData are free to access.
=516  \\$atext/csv; text/xml.
=520  \\$aVegBank is the vegetation plot database of the Ecological Society of America's Panel on Vegetation Classification. VegBank consists of three linked databases that contain (1) the actual plot records, (2) vegetation types recognized in the U.S. National Vegetation Classification and other vegetation types submitted by users, and (3) all plant taxa recognized by ITIS/USDA as well as all other plant taxa recorded in plot records. Vegetation records, community types and plant taxa may be submitted to VegBank and may be subsequently searched, viewed, annotated, revised, interpreted, downloaded, and cited.
=538  \\$aMode of access: World Wide Web.
=540  \\$aCreators/Contributors retain copyright.
=584  \\$aData is submitted to VegBank by a variety of contributors.
=584  \\$aAccepting data submissions: Yes.
=650  \0$aVegetation dynamics$zUnited States$vDatabases.
=650  \0$aVegetation classification$zUnited States$vDatabases.
=653  2\$aLiving With Environmental Change
=655  \7$aDataset.$2local
=655  \7$aObservational data.$2local
=655  \7$aMonitoring data.$2local
=655  \7$aReference data.$2local
=690  7\$aResearch Datasets Collection$2blcoll
=710  2\$aEcological Society of America.$bPanel on Vegetation Classification.
=856  40$uhttp://vegbank.org/vegbank/index.jsp$yResearch Datasets Collection
=859  \\$aXLD$bdatasets
=CAT  \\$aRESDATASET$b00$c20110825$lBLL01$h1145
=CAT  \\$a7332$b40$c20110909$lBLL01$h1717
=CAT  \\$a7332$b40$c20110920$lBLL01$h0750
=CAT  \\$a7332$b40$c20111020$lBLL01$h0951
=CAT  \\$aBATCH-UPD$b40$c20120821$lBLL01$h1643
=CAT  \\$aBATCH-UPD$b40$c20121018$lBLL01$h1009
=CAT  \\$aWR13.117$c20130718$lBLL01$h1857
=CAT  \\$aW1606-1753$c20171028$lBLL01$h1342
=FIN  \\$aY$d20110909
=FMT  \\$a  SE
=LAS  \\$aW1606-1753$b00$c20171028$lBLL01$h1342
=SRC  \\$aBLDatasets$bstm_datasets_20110825_mrc.xml
=TCO  \\$aZZZ$c008

