=LDR  02559 ai a2200613 a 4500
=001  015876944
=003  Uk
=005  20110907080151.0
=006  m\\\\\\\\m\|\\\\\\
=007  cr\|||||||||||
=008  110825c200u9999xxuuu\d\o\\\\\0\\\a2eng\\
=024  7\$astm20110601b$2local
=040  \\$aUk$beng$cUk
=042  \\$aukblsr
=082  04$a551.6072$223
=245  00$aWorldClim$h[electronic resource].
=260  \\$a[United States] :$bWorldClim
=336  \\$atext$2rdacontent
=337  \\$acomputer$2rdamedia
=338  \\$aonline resource$2rdacarrier
=500  \\$aTitle from home page (viewed on Sept. 6, 2011).
=500  \\$a"WorldClim was developed by Robert J. Hijmans, Susan Cameron, and Juan Parra, at the Museum of Vertebrate Zoology, University of California, Berkeley"-About us page.
=506  \\$aData are free to access.
=510  3\$uhttp://dx.doi.org/10.1002/joc.1276
=516  \\$ashapefile.
=520  \\$aWorldClim is a set of global climate layers (climate grids) with a spatial resolution of a square kilometer. They can be used for mapping and spatial modeling in a GIS or other computer programs.
=538  \\$aMode of access: World Wide Web.
=540  \\$aThis dataset is freely available for academic and other non-commercial use. Redistribution, or commercial use is not allowed without prior permission.
=584  \\$aData were generated for the WorldClim database, based on observational data national and international databases.
=584  \\$aAccepting data submissions: No.
=650  \0$aClimatology$xObservations$vDatabases.
=653  2\$aLiving With Environmental Change
=655  \7$aDataset.$2local
=655  \7$aObservational data.$2local
=655  \7$aModelled data.$2local
=655  \7$aReference data.$2local
=690  7\$aResearch Datasets Collection$2blcoll
=700  1\$aHijmans, Robert J.
=700  1\$aCameron, Susan$q(Susan E.).
=700  1\$aParra, Juan.
=856  40$uhttp://www.worldclim.org/$yResearch Datasets Collection
=859  \\$aXLD$bdatasets
=CAT  \\$aRESDATASET$b00$c20110825$lBLL01$h1145
=CAT  \\$a7332$b40$c20110907$lBLL01$h0801
=CAT  \\$aBATCH-UPD$b40$c20120821$lBLL01$h1643
=CAT  \\$aBATCH-UPD$b40$c20121018$lBLL01$h1010
=CAT  \\$aWR13.117$c20130718$lBLL01$h1857
=CAT  \\$aBATCH-UPD$b00$c20170802$lBLL01$h1806
=CAT  \\$aW1606-1753$c20171028$lBLL01$h1342
=FIN  \\$aY$d20110907
=FMT  \\$a  SE
=LAS  \\$aW1606-1753$b00$c20171028$lBLL01$h1342
=SRC  \\$aBLDatasets$bstm_datasets_20110825_mrc.xml
=TCO  \\$aZZZ$c008

