=LDR  02040 ai a2200553 a 4500
=001  015876946
=003  Uk
=005  20120323140943.0
=006  m\\\\\\\\m\|\\\\\\
=007  cr\|||||||||||
=008  110825c200u9999xxuuu\d\o\\\\\0\\\a2eng\\
=024  7\$astm20110413u$2local
=040  \\$aUk$beng$cUk
=042  \\$aukblsr
=082  04$a581.620973$223
=245  00$aInvasive plant atlas of the United States$h[electronic resource].
=260  \\$aGeorgia :$bCenter for Invasive Species and Ecosystem Health ;$a[United States] :$bNational Park Service
=336  \\$atext$2rdacontent
=337  \\$acomputer$2rdamedia
=338  \\$aonline resource$2rdacarrier
=500  \\$aTitle from home page (viewed on Mar. 23, 2012).
=506  \\$aData are free to access.
=538  \\$aMode of access: World Wide Web.
=540  \\$aNot stated.
=584  \\$aAccepting data submissions: no.
=650  \0$aInvasive plants$zUnited States$vDatabases.
=650  \0$aAlien plants$zUnited States$vDatabases.
=650  \0$aNoxious weeds$zUnited States$vDatabases.
=653  2\$aLiving With Environmental Change
=655  \7$aDataset.$2local
=655  \7$aObservational data.$2local
=655  \7$aMonitoring data.$2local
=655  \7$aReference data.$2local
=690  7\$aResearch Datasets Collection$2blcoll
=710  1\$aUnited States.$bNational Park Service.
=710  2\$aUniversity of Georgia.$bCenter for Invasive Species and Ecosystem Health.
=856  40$uhttp://www.invasiveplantatlas.org/$yResearch Datasets Collection
=859  \\$aXLD$bdatasets
=CAT  \\$aRESDATASET$b00$c20110825$lBLL01$h1145
=CAT  \\$a7332$b40$c20120323$lBLL01$h1409
=CAT  \\$aBATCH-UPD$b40$c20120821$lBLL01$h1643
=CAT  \\$aBATCH-UPD$b40$c20121018$lBLL01$h1010
=CAT  \\$aWR13.117$c20130718$lBLL01$h1857
=CAT  \\$aW1606-1753$c20171028$lBLL01$h1342
=FIN  \\$aY$d20120323
=FMT  \\$a  SE
=LAS  \\$aW1606-1753$b00$c20171028$lBLL01$h1342
=SRC  \\$aBLDatasets$bstm_datasets_20110825_mrc.xml
=TCO  \\$aZZZ$c008

