=LDR  02030 ai a2200541 a 4500
=001  015876948
=003  Uk
=005  20120329105354.0
=006  m\\\\\\\\m\|\\\\\\
=007  cr\|||||||||||
=008  110825c20059999xxuuu\d\o\\\\\0\\\a2eng\\
=024  7\$astm20110413t$2local
=040  \\$aUk$beng$cUk
=042  \\$aukblsr
=082  04$a333.95230973$223
=245  00$aEarly detection & distribution mapping system$h[electronic resource].
=246  3\$aEDD MapS
=260  \\$aTifton :$bUniversity of Georgia Center for Invasive Species and Ecosystem Health,$c2005-
=336  \\$atext$2rdacontent
=337  \\$acomputer$2rdamedia
=338  \\$aonline resource$2rdacarrier
=500  \\$aTitle from home page (viewed on Mar. 29, 2012).
=506  \\$aData are free to access.
=520  \\$aEDDMapS is a web-based mapping system for documenting invasive species distribution.
=538  \\$aMode of access: World Wide Web.
=540  \\$aNot stated.
=584  \\$aAccepting data submissions: Yes.
=650  \0$aIntroduced organisms$zUnited States$xGeographical distribution$vMaps$vDatabases.
=653  2\$aLiving With Environmental Change
=655  \7$aDataset.$2local
=655  \7$aObservational data.$2local
=655  \7$aMonitoring data.$2local
=655  \7$aReference data.$2local
=690  7\$aResearch Datasets Collection$2blcoll
=710  2\$aUniversity of Georgia.$bCenter for Invasive Species and Ecosystem Health.
=856  40$uhttp://www.eddmaps.org/distribution/$yResearch Datasets Collection
=859  \\$aXLD$bdatasets
=CAT  \\$aRESDATASET$b00$c20110825$lBLL01$h1145
=CAT  \\$a7332$b40$c20120329$lBLL01$h1053
=CAT  \\$aBATCH-UPD$b40$c20120821$lBLL01$h1643
=CAT  \\$aBATCH-UPD$b40$c20121018$lBLL01$h1009
=CAT  \\$aWR13.117$c20130718$lBLL01$h1857
=CAT  \\$aW1606-1753$c20171028$lBLL01$h1342
=FIN  \\$aY$d20120329
=FMT  \\$a  SE
=LAS  \\$aW1606-1753$b00$c20171028$lBLL01$h1342
=SRC  \\$aBLDatasets$bstm_datasets_20110825_mrc.xml
=TCO  \\$aZZZ$c008

