=LDR  02499 ai a2200589 a 4500
=001  015876949
=003  Uk
=005  20120111112902.0
=006  m\\\\\\\\m\|\\\\\\
=007  cr\|||||||||||
=008  110825c200u9999enkuu\d\o\\\\\0\\\a2eng\\
=024  7\$astm20110427a$2local
=040  \\$aUk$beng$cUk
=042  \\$aukblsr
=082  04$a363.73922$223
=245  00$a[UK air data archive]$h[electronic resource].
=260  \\$aLondon :$bDEFRA
=336  \\$atext$2rdacontent
=337  \\$acomputer$2rdamedia
=338  \\$aonline resource$2rdacarrier
=500  \\$aTitle supplied by cataloguer (publisher's Web site, viewed Sept. 13, 2011).
=506  \\$aData are free to access.
=516  \\$atext/html; text/csv; application/msexcel.
=520  \\$aProvides monitored air quality data from across the UK. Data is accessed by selecting measurements, pollutants, site and time period of interest. Data can then be viewed on site or emailed in CSV format. Automatic monitoring data can be downloaded per year, site and pollutant, using a map browse. Non-automatic data from Marylebone Road, London can be downloaded by pollutant and year.
=538  \\$aMode of access: World Wide Web.
=540  \\$aCrown Copyright.
=584  \\$aData are collected by DEFRA and the devolved administrations.
=584  \\$aAccepting data submissions: No.
=650  \0$aAir quality monitoring stations$zGreat Britain$vDatabases.
=650  \0$aAir quality$zGreat Britain$vDatabases.
=653  2\$aLiving With Environmental Change
=655  \7$aDataset.$2local
=655  \7$aMonitoring data.$2local
=655  \7$aReference data.$2local
=690  7\$aResearch Datasets Collection$2blcoll
=710  1\$aGreat Britain.$bDepartment for Environment, Food & Rural Affairs.
=856  40$uhttp://uk-air.defra.gov.uk/data/$yResearch Datasets Collection
=859  \\$aXLD$bdatasets
=985  \\$aRecord amended for WR# 13/070
=CAT  \\$aRESDATASET$b00$c20110825$lBLL01$h1145
=CAT  \\$a7332$b40$c20110913$lBLL01$h1517
=CAT  \\$a7332$b40$c20120111$lBLL01$h1129
=CAT  \\$aBATCH-UPD$b40$c20120821$lBLL01$h1643
=CAT  \\$aBATCH-UPD$b40$c20121018$lBLL01$h1009
=CAT  \\$aWR13_070$b00$c20130504$lBLL01$h0333
=CAT  \\$aWR13.117$c20130718$lBLL01$h1857
=CAT  \\$aW1606-1753$c20171028$lBLL01$h1342
=FIN  \\$aY$d20110913
=FMT  \\$a  SE
=LAS  \\$aW1606-1753$b00$c20171028$lBLL01$h1342
=SRC  \\$aBLDatasets$bstm_datasets_20110825_mrc.xml
=TCO  \\$aZZZ$c008

