=LDR  02656 ai a2200589 a 4500
=001  015876950
=003  Uk
=005  20140903140419.0
=006  m\\\\\\\\m\|\\\\\\
=007  cr\|||||||||||
=008  110825c20119999enkuu\d\o\\\\\0\\\a2eng\\
=024  7\$astm20110505a$2local
=040  \\$aUk$beng$cUk$dUk
=042  \\$aukblsr
=082  04$a333.95160941$223
=245  00$aGIS digital boundary datasets$h[electronic resource].
=260  \\$bNatural England,$c[2011]-
=336  \\$atext$2rdacontent
=337  \\$acomputer$2rdamedia
=338  \\$aonline resource$2rdacarrier
=500  \\$aTitle from home page (viewed on Mar. 30, 2012).
=506  \\$aUsers must register to access data.
=516  \\$ashapefile; application/octet-stream.
=520  \\$aProvides geographic information datasets held by Natural England. Includes data of protective areas such as ancient woodlands and special protection areas; data covering specific habitat classes such as coastal sand dunes, blanket bogs and calcerous grassland; administrative datasets including countryside stewardship agreements, and land use and quality datasets such as traditional orchards and energy crops. Once registered, zipped datasets can be downloaded.
=538  \\$aMode of access: World Wide Web.
=540  \\$aCopyright Natural England, "data may be used by Natural England's customers, partners and suppliers for non-commercial purposes in accordance with our Terms of Use for Information and Data".
=584  \\$aAccepting data submissions: No.
=650  \0$aProtected areas$zGreat Britain$vDatabases.
=650  \0$aNatural areas$zGreat Britain$vDatabases.
=653  2\$aLiving With Environmental Change
=653  2\$aFlooding
=655  \7$aDataset.$2local
=655  \7$aReference data.$2local
=655  \7$aMonitoring data.$2local
=690  7\$aResearch Datasets Collection$2blcoll
=710  2\$aNatural England (Agency)
=856  40$uhttp://www.gis.naturalengland.org.uk/$yResearch Datasets Collection
=859  \\$aXLD$bdatasets
=CAT  \\$aRESDATASET$b00$c20110825$lBLL01$h1145
=CAT  \\$a7332$b40$c20120330$lBLL01$h1045
=CAT  \\$aBATCH-UPD$b40$c20120821$lBLL01$h1643
=CAT  \\$aBATCH-UPD$b40$c20121018$lBLL01$h1009
=CAT  \\$aWR13.117$c20130718$lBLL01$h1857
=CAT  \\$a11279$b40$c20140903$lBLL01$h1404
=CAT  \\$a7416$b40$c20150928$lBLL01$h1147
=CAT  \\$aBATCH-UPD$b40$c20150928$lBLL01$h1148
=CAT  \\$aW1606-1753$c20171028$lBLL01$h1342
=FIN  \\$aY$d20120330
=FMT  \\$a  SE
=LAS  \\$aW1606-1753$b00$c20171028$lBLL01$h1342
=SRC  \\$aBLDatasets$bstm_datasets_20110825_mrc.xml
=TCO  \\$aZZZ$c008

