=LDR  02604 ai a2200613 a 4500
=001  015876951
=003  Uk
=005  20120402132108.0
=006  m\\\\\\\\m\|\\\\\\
=007  cr\|||||||||||
=008  110825c200u9999enkuu\d\o\\\\\0\\\a2eng\\
=024  7\$astm20110512a$2local
=040  \\$aUk$beng$cUk
=042  \\$aukblsr
=082  04$a551.461336$223
=245  00$aChannel coastal observatory$h[electronic resource].
=246  3\$aCCO
=260  \\$aLyndhurst :$bNew Forest District Council ;$aSouthampton :$bNational Oceanography Centre
=336  \\$atext$2rdacontent
=337  \\$acomputer$2rdamedia
=338  \\$aonline resource$2rdacarrier
=500  \\$aTitle from Web page (viewed on 29 Mar. 2012).
=506  \\$aUsers must register to access data.
=516  \\$ashapefile; text/plain; text/html.
=520  \\$aLIDAR, aerial photography, hydrographic, topographic and wave data are available for UK coastline covered by the contributing authorities. These can be searched and queried without registration, but users must register to download data. Realtime wave, tidal and weather, GPS and ARGUS data is also available. Information is also given on each buoy/station including servicing and deployments and annual statistics.
=522  \\$aUnited Kingdom (nation).
=538  \\$aMode of access: World Wide Web.
=540  \\$aCreators/Contributors retain copyright.
=584  \\$aData are supplied by Regional Coastal Monitoring Programmes.
=584  \\$aAccepting data submissions: No.
=650  \0$aOceanography$zEnglish Channel$vObservations$vDatabases.
=653  2\$aFlooding
=655  \7$aDataset.$2local
=655  \7$aObservational data.$2local
=655  \7$aMonitoring data.$2local
=655  \7$aReference data.$2local
=690  7\$aResearch Datasets Collection$2blcoll
=710  1\$aNew Forest (England : District).$bCouncil.
=710  2\$aChannel Coastal Observatory.
=710  2\$aNational Oceanography Centre (Great Britain)
=856  40$uhttp://www.channelcoast.org/$yResearch Datasets Collection
=859  \\$aXLD$bdatasets
=CAT  \\$aRESDATASET$b00$c20110825$lBLL01$h1145
=CAT  \\$a7332$b40$c20120329$lBLL01$h0821
=CAT  \\$a7332$b40$c20120402$lBLL01$h1321
=CAT  \\$aBATCH-UPD$b40$c20120821$lBLL01$h1643
=CAT  \\$aBATCH-UPD$b40$c20121018$lBLL01$h1010
=CAT  \\$aWR13.117$c20130718$lBLL01$h1857
=CAT  \\$aW1606-1753$c20171028$lBLL01$h1342
=FIN  \\$aY$d20120329
=FMT  \\$a  SE
=LAS  \\$aW1606-1753$b00$c20171028$lBLL01$h1342
=SRC  \\$aBLDatasets$bstm_datasets_20110825_mrc.xml
=TCO  \\$aZZZ$c008

