=LDR  02292 ai a2200577 a 4500
=001  015876953
=003  Uk
=005  20120323091344.0
=006  m\\\\\\\\m\|\\\\\\
=007  cr\|||||||||||
=008  110825c200u9999it\uu\d\o\\\\\0\\\a2eng\\
=024  7\$astm20110523b$2local
=040  \\$aUk$beng$cUk
=042  \\$aukblsr
=082  04$a333.75$223
=245  00$aFRA remote sensing portal$h[electronic resource].
=246  3\$aForest Resource Assessment remote sensing portal
=260  \\$a[Rome] :$bFood and Agriculture Organization of the United Nations
=336  \\$atext$2rdacontent
=337  \\$acomputer$2rdamedia
=338  \\$aonline resource$2rdacarrier
=500  \\$aTitle from home page (viewed on Mar. 22, 2012).
=506  \\$aData are free to access.
=516  \\$aimage/tiff; application/vnd.google-earth.kml+xml.
=520  \\$aData are provided from LANDSAT TM (1990) and LANDSAT ETM (2000 and 2005). These were used for remote sensing of forest cover for the Global Forest Resource Assessment. Tiles can be queried by country and ecological zone, and viewed in Google Earth.
=538  \\$aMode of access: World Wide Web.
=540  \\$aNot stated.
=584  \\$aAccepting data submissions: No.
=650  \0$aForests and forestry$vDatabases.
=650  \0$aForests and forestry$vRemote-sensing maps.
=650  \0$aForest management.
=653  2\$aLiving With Environmental Change
=655  \7$aDataset.$2local
=655  \7$aObservational data.$2local
=655  \7$aMonitoring data.$2local
=655  \7$aReference data.$2local
=690  7\$aResearch Datasets Collection$2blcoll
=710  2\$aFood and Agriculture Organization of the United Nations.
=856  40$uhttp://www.fao.org/forestry/fra/remotesensing/en/$yResearch Datasets Collection
=859  \\$aXLD$bdatasets
=CAT  \\$aRESDATASET$b00$c20110825$lBLL01$h1145
=CAT  \\$a7332$b40$c20120323$lBLL01$h0913
=CAT  \\$aBATCH-UPD$b40$c20120821$lBLL01$h1643
=CAT  \\$aBATCH-UPD$b40$c20121018$lBLL01$h1009
=CAT  \\$aWR13.117$c20130718$lBLL01$h1857
=CAT  \\$aW1606-1753$c20171028$lBLL01$h1342
=FIN  \\$aY$d20120323
=FMT  \\$a  SE
=LAS  \\$aW1606-1753$b00$c20171028$lBLL01$h1342
=SRC  \\$aBLDatasets$bstm_datasets_20110825_mrc.xml
=TCO  \\$aZZZ$c008

