=LDR  02558 ai a2200625 a 4500
=001  015876954
=003  Uk
=005  20110909104409.0
=006  m\\\\\\\\m\|\\\\\\
=007  cr\|||||||||||
=008  110825c200u9999gw\uu\d\o\\\\\0\\\a2eng\\
=024  7\$astm20110811h$2local
=040  \\$aUk$beng$cUk
=041  0\$aeng$bfre
=042  \\$aukblsr
=082  04$a581.966$223
=245  00$aWest African Vegetation$h[electronic resource] :$ba vegetation data network for West Africa.
=260  \\$aFrankfurt am Main :$bResearch Institute Senckenberg Frankfurt/Main, Botany Department
=336  \\$atext$2rdacontent
=337  \\$acomputer$2rdamedia
=338  \\$aonline resource$2rdacarrier
=500  \\$aTitle from home page (viewed on Sept. 9, 2011).
=506  \\$aUsers must register to access data.
=520  \\$aThis is a database for vegetation data from West Africa, i.e. phytosociological and dendrometric releveÌs as well as floristic inventories.
=538  \\$aMode of access: World Wide Web.
=540  \\$aA version of Science or Creative Commons.
=546  \\$aIn English and French.
=584  \\$aAccepting data submissions: Yes.
=650  \0$aBotany$zWest Africa$vDatabases.
=650  \0$aPhytogeography$zWest Africa$vDatabases.
=650  \0$aPlant communities$zWest Africa$vDatabases.
=653  2\$aLiving With Environmental Change
=655  \7$aDataset.$2local
=655  \7$aObservational data.$2local
=655  \7$aMonitoring data.$2local
=655  \7$aReference data.$2local
=690  7\$aResearch Datasets Collection$2blcoll
=710  2\$aForschungsinstitut Senckenberg.$bBotany Department.
=856  40$uhttp://www.westafricanvegetation.senckenberg.de/$yResearch Datasets Collection
=859  \\$aXLD$bdatasets
=985  \\$a710 = new hdg. Senckenberg Forschungsinstitut und Naturmuseum. Botanik & Molekulare Evolutionsforschung? http://www.senckenberg.de/root/index.php?page_id=160
=985  \\$aRecord amended for WR# 13/070
=CAT  \\$aRESDATASET$b00$c20110825$lBLL01$h1145
=CAT  \\$a7332$b40$c20110909$lBLL01$h1044
=CAT  \\$aBATCH-UPD$b40$c20120821$lBLL01$h1643
=CAT  \\$aBATCH-UPD$b40$c20121018$lBLL01$h1009
=CAT  \\$aWR13_070$b00$c20130504$lBLL01$h0333
=CAT  \\$aWR13_070C$c20130611$lBLL01$h1858
=CAT  \\$aWR13.117$c20130718$lBLL01$h1857
=CAT  \\$aW1606-1753$c20171028$lBLL01$h1342
=FIN  \\$aY$d20110909
=FMT  \\$a  SE
=LAS  \\$aW1606-1753$b00$c20171028$lBLL01$h1342
=SRC  \\$aBLDatasets$bstm_datasets_20110825_mrc.xml
=TCO  \\$aZZZ$c008

