=LDR  02130 ai a2200541 a 4500
=001  015876955
=003  Uk
=005  20120726085532.0
=006  m\\\\\\\\m\|\\\\\\
=007  cr\|||||||||||
=008  110825c200u9999xxuuu\d\o\\\\\0\\\a2eng\\
=024  7\$astm20110729a$2local
=040  \\$aUk$beng$cUk
=042  \\$aukblsr
=082  04$a523.4$223
=245  00$aPlanetary data system$h[electronic resource].
=246  3\$aPDS
=260  \\$a[United States] :$bPlanetary Data System
=336  \\$atext$2rdacontent
=337  \\$acomputer$2rdamedia
=338  \\$aonline resource$2rdacarrier
=500  \\$aTitle from home page (viewed on Feb. 9, 2012).
=506  \\$aData are free to access.
=510  3\$uhttp://dx.doi.org/10.1016/0032-0633(95)00101-8
=520  \\$aThe PDS archives and distributes scientific data from NASA planetary missions, astronomical observations, and laboratory measurements. The PDS is sponsored by NASA's Science Mission Directorate. Its purpose is to ensure the long-term usability of NASA data and to stimulate advanced research.
=538  \\$aMode of access: World Wide Web.
=540  \\$aNot stated.
=584  \\$aData are from NASA planetary missions.
=584  \\$aAccepting data submissions: No.
=650  \0$aPlanets$vObservations$vDatabases.
=655  \7$aDataset.$2local
=655  \7$aExperimental data.$2local
=655  \7$aReference data.$2local
=690  7\$aResearch Datasets Collection$2blcoll
=710  1\$aUnited States.$bNational Aeronautics and Space Administration.
=856  40$uhttp://pds.jpl.nasa.gov/$yResearch Datasets Collection
=859  \\$aXLD$bdatasets
=CAT  \\$aRESDATASET$b00$c20110825$lBLL01$h1145
=CAT  \\$a7332$b40$c20120209$lBLL01$h1114
=CAT  \\$a7332$b40$c20120726$lBLL01$h0855
=CAT  \\$aBATCH-UPD$b40$c20120821$lBLL01$h1643
=CAT  \\$aBATCH-UPD$b40$c20121018$lBLL01$h1010
=CAT  \\$aWR13.117$c20130718$lBLL01$h1857
=CAT  \\$aW1606-1753$c20171028$lBLL01$h1342
=FMT  \\$a  SE
=LAS  \\$aW1606-1753$b00$c20171028$lBLL01$h1342
=SRC  \\$aBLDatasets$bstm_datasets_20110825_mrc.xml
=TCO  \\$aZZZ$c008

