=LDR  02607 ai a2200649 a 4500
=001  015876956
=003  Uk
=005  20110921093003.0
=006  m\\\\\\\\m\|\\\\\\
=007  cr\|||||||||||
=008  110825c20019999xxuuu\w\o\\\\\0\\\a2eng\\
=024  7\$astm20110802a$2local
=040  \\$aUk$beng$cUk
=042  \\$aukblsr
=082  04$a553.70973$223
=245  00$aUSGS water data for the nation$h[electronic resource].
=246  3\$aNational Water Information System: web interface
=246  3\$aUSGS water data for USA
=260  \\$a[Reston, Va.] :$bUnited States Geological Survey (USGS),$c2001-
=336  \\$atext$2rdacontent
=337  \\$acomputer$2rdamedia
=338  \\$aonline resource$2rdacarrier
=362  1\$aBegan in 2001.
=500  \\$aTitle from home page (viewed on Sept. 1, 2011).
=506  \\$aData are free to access.
=516  \\$atext/plain; text/xml; text/html.
=520  \\$aThis website from the United States Geological Survey (USGS) gives access to data collected at approximately 1.5 million sites in the United States. Using the National Water Information System's (NWIS) web interface, the data covers surface water, groundwater, and water quality of streams, lakes, springs and wells.
=538  \\$aMode of access: World Wide Web.
=540  \\$aData collected by the USGS are Public Domain.
=584  \\$aData are collected by the USGS.
=584  \\$aAccepting data submissions: No.
=650  \0$aStreamflow$zUnited States$vDatabases.
=650  \0$aGroundwater flow$zUnited States$vDatabases.
=650  \0$aWater table$zUnited States$vDatabases.
=650  \0$aWater quality$zUnited States$vDatabases.
=653  2\$aFlooding
=653  2\$aSurface Water
=655  \7$aDataset.$2local
=655  \7$aMonitoring data.$2local
=655  \7$aReference data.$2local
=690  7\$aResearch Datasets Collection$2blcoll
=710  2\$aGeological Survey (U.S.)
=710  2\$aNational Water Information System (U.S.)
=856  40$uhttp://waterdata.usgs.gov/nwis$yResearch Datasets Collection
=859  \\$aXLD$bdatasets
=CAT  \\$aRESDATASET$b00$c20110825$lBLL01$h1145
=CAT  \\$a7332$b40$c20110901$lBLL01$h0810
=CAT  \\$a7332$b40$c20110921$lBLL01$h0930
=CAT  \\$aBATCH-UPD$b40$c20120821$lBLL01$h1643
=CAT  \\$aBATCH-UPD$b40$c20121018$lBLL01$h1009
=CAT  \\$aWR13.117$c20130718$lBLL01$h1857
=CAT  \\$aW1606-1753$c20171028$lBLL01$h1342
=FIN  \\$aY$d20110901
=FMT  \\$a  SE
=LAS  \\$aW1606-1753$b00$c20171028$lBLL01$h1342
=SRC  \\$aBLDatasets$bstm_datasets_20110825_mrc.xml
=TCO  \\$aTRS$bCCC$c008

