=LDR  02470 ai a2200613 a 4500
=001  015876958
=003  Uk
=005  20140115100958.0
=006  m\\\\\\\\m\|\\\\\\
=007  cr\|||||||||||
=008  110825c200u9999enkuu\d\o\\\\\0\\\a2eng\\
=024  7\$astm20110803b$2local
=040  \\$aUk$beng$cUk$dUk
=042  \\$aukblsr
=082  04$a551.461337$223
=245  00$aCoastal Observatory Liverpool Bay :$bGlider experiment.
=260  \\$aLiverpool :$bNational Oceanography Centre.
=336  \\$atext$2rdacontent
=337  \\$acomputer$2rdamedia
=338  \\$aonline resource$2rdacarrier
=500  \\$aTitle from home page (viewed on January 15, 2014).
=506  \\$aUsers must register to access data.
=516  \\$a.ctd.
=538  \\$aMode of access: World Wide Web.
=540  \\$aNot stated.
=584  \\$aData are collected by the Irish Sea Observatory with the help of Rutgers University Institute of Marine and Coastal Science.
=584  \\$aData were collected by the Coastal Observatory Liverpool Bay (previously Irish Sea Observatory) with the help of Rutgers University Institute of Marine and Coastal Science.
=650  \0$aSeawater$xDensity$zIrish Sea$vObservations$vDatabases.
=650  \0$aOcean temperature$zIrish Sea$vObservations$vDatabases.
=650  \0$aSalinity$zIrish Sea$vObservations$vDatabases.
=653  2\$aLiving With Environmental Change
=655  \7$aDataset.$2local
=655  \7$aExperimental data.$2local
=655  \7$aMonitoring data.$2local
=655  \7$aReference data.$2local
=690  7\$aResearch Datasets Collection$2blcoll
=710  2\$aNational Oceanography Centre (Great Britain)
=710  2\$aRutgers University.$bInstitute of Marine and Coastal Sciences.
=856  40$uhttp://cobs.noc.ac.uk/cobs/fixed/glider.php$yResearch Datasets Collection
=859  \\$aXLD$bdatasets
=CAT  \\$aRESDATASET$b00$c20110825$lBLL01$h1145
=CAT  \\$a7332$b40$c20120211$lBLL01$h0637
=CAT  \\$a7332$b40$c20120211$lBLL01$h0732
=CAT  \\$aBATCH-UPD$b40$c20120821$lBLL01$h1643
=CAT  \\$aBATCH-UPD$b40$c20121018$lBLL01$h1010
=CAT  \\$aWR13.117$c20130718$lBLL01$h1857
=CAT  \\$a7332$b40$c20140115$lBLL01$h0915
=CAT  \\$a7332$b40$c20140115$lBLL01$h1009
=CAT  \\$aW1606-1753$c20171028$lBLL01$h1342
=FIN  \\$aY$d20120211
=FMT  \\$a  SE
=LAS  \\$aW1606-1753$b00$c20171028$lBLL01$h1342
=SRC  \\$aBLDatasets$bstm_datasets_20110825_mrc.xml
=TCO  \\$aZZZ$c008

