=LDR  02095 ai a2200589 a 4500
=001  015876959
=003  Uk
=005  20130927155207.0
=006  m\\\\\\\\m\|\\\\\\
=007  cr\|||||||||||
=008  110825c200u9999enkuu\d\o\\\\\0\\\a2eng\\
=024  7\$astm20110803c$2local
=040  \\$aUk$beng$cUk
=042  \\$aukblsr
=082  04$a551.5$223
=245  00$aCoastal Observatory.$pMet stations$h[electronic resource].
=260  \\$aLiverpool :$bNational Oceanography Centre
=336  \\$atext$2rdacontent
=337  \\$acomputer$2rdamedia
=338  \\$aonline resource$2rdacarrier
=500  \\$aTitle from home page (viewed on Feb. 11, 2012).
=506  \\$aUsers must register to access data.
=516  \\$aimage/png; text/csv.
=538  \\$aMode of access: World Wide Web.
=540  \\$aNot stated.
=584  \\$aData are collected by the Irish Sea Observatory.
=584  \\$aAccepting data submissions: No.
=650  \0$aMeteorology$vObservations$zEngland$vLiverpoool$vDatabases.
=650  \0$aMarine meteorology$vObservations$zIrish Sea$vDatabases.
=653  2\$aLiving With Environmental Change
=655  \7$aDataset.$2local
=655  \7$aObservational data.$2local
=655  \7$aMonitoring data.$2local
=655  \7$aReference data.$2local
=690  7\$aResearch Datasets Collection$2blcoll
=710  2\$aNational Oceanography Centre
=856  40$uhttp://cobs.pol.ac.uk/cobs/met/$yResearch Datasets Collection
=859  \\$aXLD$bdatasets
=CAT  \\$aRESDATASET$b00$c20110825$lBLL01$h1145
=CAT  \\$a7332$b40$c20120211$lBLL01$h0715
=CAT  \\$a7332$b40$c20120211$lBLL01$h0732
=CAT  \\$aBATCH-UPD$b40$c20120821$lBLL01$h1643
=CAT  \\$aBATCH-UPD$b40$c20121018$lBLL01$h1010
=CAT  \\$aWR13.117$c20130718$lBLL01$h1857
=CAT  \\$a7332$b40$c20130927$lBLL01$h1551
=CAT  \\$a7332$b40$c20130927$lBLL01$h1552
=CAT  \\$aW1606-1753$c20171028$lBLL01$h1342
=FIN  \\$aY$d20120211
=FMT  \\$a  SE
=LAS  \\$aW1606-1753$b00$c20171028$lBLL01$h1342
=SRC  \\$aBLDatasets$bstm_datasets_20110825_mrc.xml
=TCO  \\$aZZZ$c008

