=LDR  02306 ai a2200601 a 4500
=001  015876960
=003  Uk
=005  20140115082120.0
=006  m\\\\\\\\m\|\\\\\\
=007  cr\|||||||||||
=008  110825c200u9999enkuu\d\o\\\\\0\\\a2eng\\
=024  7\$astm20110803d$2local
=040  \\$aUk$beng$cUk$dUk
=042  \\$aukblsr
=082  04$a551.461337$223
=245  00$aCoastal Observatory Liverpool Bay :$bHF Radar Data and related information.
=260  \\$aLiverpool :$bNational Oceanography Centre.
=336  \\$atext$2rdacontent
=337  \\$acomputer$2rdamedia
=338  \\$aonline resource$2rdacarrier
=500  \\$aTitle from home page (viewed on January 15, 2014).
=506  \\$aUsers must register to access data.
=516  \\$atext/plain.
=518  \\$d2005-08-01 - 2010-12-06.
=520  \\$aSpecialised high frequency radar data, showing sea surface, sea clutter (waves) and ships across a small section of the Irish Sea.
=538  \\$aMode of access: World Wide Web.
=540  \\$aNot stated.
=584  \\$aData are collected by the Coastal Observatory Liverpool Bay (previously Irish Sea Observatory).
=584  \\$aAccepting data submissions: No.
=650  \0$aOcean waves$zIrish Sea$vObservations$vDatabases.
=650  \0$aOcean currents$zIrish Sea$vObservations$vDatabases.
=650  \0$aOceanography$xRemote sensing$zIrish Sea$vDatabases.
=653  2\$aFlooding
=655  \7$aDataset.$2local
=655  \7$aObservational data.$2local
=655  \7$aMonitoring data.$2local
=655  \7$aReference data.$2local
=690  7\$aResearch Datasets Collection$2blcoll
=710  2\$aNational Oceanography Centre (Great Britain)
=856  40$uhttp://cobs.noc.ac.uk/wera/data.html$yResearch Datasets Collection
=859  \\$aXLD$bdatasets
=CAT  \\$aRESDATASET$b00$c20110825$lBLL01$h1145
=CAT  \\$a7332$b40$c20120211$lBLL01$h0737
=CAT  \\$aBATCH-UPD$b40$c20120821$lBLL01$h1643
=CAT  \\$aBATCH-UPD$b40$c20121018$lBLL01$h1010
=CAT  \\$aWR13.117$c20130718$lBLL01$h1857
=CAT  \\$a7332$b40$c20140115$lBLL01$h0821
=CAT  \\$aW1606-1753$c20171028$lBLL01$h1342
=FIN  \\$aY$d20120211
=FMT  \\$a  SE
=LAS  \\$aW1606-1753$b00$c20171028$lBLL01$h1342
=SRC  \\$aBLDatasets$bstm_datasets_20110825_mrc.xml
=TCO  \\$aZZZ$c008

