=LDR  02165 ai a2200565 a 4500
=001  015876962
=003  Uk
=005  20130930081503.0
=006  m\\\\\\\\m\|\\\\\\
=007  cr\|||||||||||
=008  110825c200u9999gw\uu\d\o\\\\\0\\\a2eng\\
=024  7\$astm20110803f$2local
=040  \\$aUk$beng$cUk$dUk
=042  \\$aukblsr
=082  04$a551.46133$223
=245  00$aHZG FerryBox database$h[electronic resource].
=246  3\$aHelmholtz-Zentrum Geesthacht FerryBox database
=260  \\$aGeesthacht :$bHelmholtz-Zentrum Geesthacht
=336  \\$atext$2rdacontent
=337  \\$acomputer$2rdamedia
=338  \\$aonline resource$2rdacarrier
=500  \\$aTitle from home page (viewed on Mar. 27, 2012).
=506  \\$aUsers must register to access data.
=520  \\$aOxygen, pH, salinity and water temperature from various cruise transects and time series associated with Helmholtz-Zentrum Geesthacht ferry boxes. Data can be plotted by any user, but you must register to download data.
=538  \\$aMode of access: World Wide Web.
=540  \\$aNot stated.
=584  \\$aAccepting data submissions: No.
=650  \0$aOceanography$zNorth Atlantic Ocean$vObservations$vDatabases.
=653  2\$aLiving With Environmental Change
=655  \7$aDataset.$2local
=655  \7$aObservational data.$2local
=655  \7$aMonitoring data.$2local
=655  \7$aReference data.$2local
=690  7\$aResearch Datasets Collection$2blcoll
=710  2\$aHelmholtz-Zentrum Geesthacht.
=856  40$uhttp://ferrydata.gkss.de/$yResearch Datasets Collection
=859  \\$aXLD$bdatasets
=CAT  \\$aRESDATASET$b00$c20110825$lBLL01$h1145
=CAT  \\$a7332$b40$c20120327$lBLL01$h1254
=CAT  \\$a7332$b40$c20120329$lBLL01$h1555
=CAT  \\$aBATCH-UPD$b40$c20120821$lBLL01$h1643
=CAT  \\$aBATCH-UPD$b40$c20121018$lBLL01$h1010
=CAT  \\$aWR13.117$c20130718$lBLL01$h1857
=CAT  \\$a7332$b40$c20130930$lBLL01$h0815
=CAT  \\$aW1606-1753$c20171028$lBLL01$h1342
=FIN  \\$aY$d20120327
=FMT  \\$a  SE
=LAS  \\$aW1606-1753$b00$c20171028$lBLL01$h1342
=SRC  \\$aBLDatasets$bstm_datasets_20110825_mrc.xml
=TCO  \\$aZZZ$c008

