=LDR  02484 am a2200589 a 4500
=001  015876963
=003  Uk
=005  20120327104604.0
=006  m\\\\|\\\d\|\\\\\\
=007  cr\|||||||||||
=008  110825s200u\\\\enk\\\\\o\\\\\000\0\eng\\
=024  7\$astm20110803g$2local
=040  \\$aUk$beng$cUk
=042  \\$aukblsr
=082  04$a551.46136$223
=245  00$a[Red Falcon FerryBox Data 2004]$h[electronic resource].
=260  \\$aSouthampton :$bNational Oceanography Centre,$c[200-]
=336  \\$atext$2rdacontent
=337  \\$acomputer$2rdamedia
=338  \\$aonline resource$2rdacarrier
=500  \\$aTitle supplied by cataloguer (publisher's Web site, viewed Mar. 27, 2012).
=506  \\$aData are free to access.
=516  \\$atext/csv; text/plain; text/html.
=518  \\$a2004-03-29 11:05:23 - 2004-10-27 17:30:25.
=520  \\$aDuring the Spring of 2004 the Red Funnel Ferry Red Falcon was fitted with a set of sensors to continuously monitor temperature, salinity and chlorophyll levels during her scheduled trips between Southampton and Cowes on the Isle of Wight.
=522  \\$aThe Solent (channel).
=538  \\$aMode of access: World Wide Web.
=540  \\$aNot stated.
=584  \\$aData were collected by the National Oceanography Centre.
=584  \\$aAccepting data submissions: No.
=650  \0$aOceanography$zEngland$zSolent Channel$vObservations$vDatabases.
=650  \0$aOcean temperature$zEngland$zSolent Channel$vObservations$vDatabases.
=650  \0$aOptical oceanography$zEngland$zSolent Channel$vObservations$vDatabases.
=650  \0$aSalinity$zEngland$zSolent Channel$vObservations$vDatabases.
=653  2\$aLiving With Environmental Change
=655  \7$aDataset.$2local
=655  \7$aObservational data.$2local
=690  7\$aResearch Datasets Collection$2blcoll
=710  2\$aNational Oceanography Centre, Southampton.
=856  40$uhttp://www.noc.soton.ac.uk/ops/fb_iow_index.php$yResearch Datasets Collection
=859  \\$aXLD$bdatasets
=CAT  \\$aRESDATASET$b00$c20110825$lBLL01$h1145
=CAT  \\$a7332$b40$c20120327$lBLL01$h1046
=CAT  \\$aBATCH-UPD$b40$c20120821$lBLL01$h1643
=CAT  \\$aBATCH-UPD$b40$c20121018$lBLL01$h1010
=CAT  \\$aWR13.117$c20130718$lBLL01$h1857
=CAT  \\$aW1606-1753$c20171028$lBLL01$h1342
=FIN  \\$aY$d20120327
=FMT  \\$a  BK
=LAS  \\$aW1606-1753$b00$c20171028$lBLL01$h1342
=SRC  \\$aBLDatasets$bstm_datasets_20110825_mrc.xml
=TCO  \\$aZZZ$c008

