=LDR  02652 am a2200601 a 4500
=001  015876964
=003  Uk
=005  20130927155258.0
=006  m\\\\|\\\d\|\\\\\\
=007  cr\|||||||||||
=008  110825s200u\\\\enk\\\\\o\\\\\000\0\eng\\
=024  7\$astm20110803h$2local
=040  \\$aUk$beng$cUk$dUk
=042  \\$aukblsr
=082  04$a551.46133$223
=245  00$a[Pride of Bilbao FerryBox Data 2010]$h[electronic resource].
=246  3\$aPoB 2010
=260  \\$aSouthampton :$bNational Oceanography Centre,$c[200-]
=336  \\$atext$2rdacontent
=337  \\$acomputer$2rdamedia
=338  \\$aonline resource$2rdacarrier
=500  \\$aTitle supplied by cataloguer (publisher's Web site, viewed Mar. 27, 2012).
=506  \\$aData are free to access.
=516  \\$atext/csv; text/plain; text/html.
=518  \\$a2010-02-12 14:18:57 - 2010-09-29 07:56:59.
=520  \\$aThe FerryBox equipment was first fitted on the P&O Pride of Bilbao in April 2002, to collect data on regular sailings between Portsmouth and Bilbao. In 2002 the sensors for measuring water temperature, salinity, and fluorescence were installed. In 2005 extra sensors measuring turbidity, the concentration of dissolved oxygen and the partial pressure of carbon dioxide were fitted along with sensors monitoring the movement of the ship. Data covers the final period of data collection, 2010.
=538  \\$aMode of access: World Wide Web.
=540  \\$aNot stated.
=584  \\$aData were collected by the National Oceanography Centre.
=584  \\$aAccepting data submissions: No.
=650  \0$aOceanography$zNorth Atlantic Ocean$vObservations$vDatabases.
=653  2\$aLiving With Environmental Change
=655  \7$aDataset.$2local
=655  \7$aObservational data.$2local
=690  7\$aResearch Datasets Collection$2blcoll
=710  2\$aPride of Bilbao (Ship)
=710  2\$aNational Oceanography Centre, Southampton.
=710  2\$aFerryBox Project.
=856  40$uhttp://www.noc.soton.ac.uk/ops/ferrybox_index.php$yResearch Datasets Collection
=859  \\$aXLD$bdatasets
=CAT  \\$aRESDATASET$b00$c20110825$lBLL01$h1145
=CAT  \\$a7332$b40$c20120327$lBLL01$h0924
=CAT  \\$a7332$b40$c20120327$lBLL01$h1030
=CAT  \\$aBATCH-UPD$b40$c20120821$lBLL01$h1643
=CAT  \\$aBATCH-UPD$b40$c20121018$lBLL01$h1010
=CAT  \\$aWR13.117$c20130718$lBLL01$h1857
=CAT  \\$a7332$b40$c20130927$lBLL01$h1552
=CAT  \\$aW1606-1753$c20171028$lBLL01$h1342
=FIN  \\$aY$d20120327
=FMT  \\$a  BK
=LAS  \\$aW1606-1753$b00$c20171028$lBLL01$h1342
=SRC  \\$aBLDatasets$bstm_datasets_20110825_mrc.xml
=TCO  \\$aZZZ$c008

