=LDR  02687 am a2200637 a 4500
=001  015876971
=003  Uk
=005  20120111113342.0
=006  m\\\\\\\\m\|\\\\\\
=007  cr\|||||||||||
=008  110825s200u\\\\enk\\\\\o\\\\\000\0\eng\\
=024  7\$astm20110803o$2local
=040  \\$aUk$beng$cUk
=042  \\$aukblsr
=082  04$a551.46133$223
=245  00$a[Pride of Bilbao FerryBox data 2003]$h[electronic resource].
=246  3\$aPoB 2003
=260  \\$aSouthampton :$bNational Oceanography Centre,$c[200-]
=336  \\$atext$2rdacontent
=337  \\$acomputer$2rdamedia
=338  \\$aonline resource$2rdacarrier
=500  \\$aTitle supplied by cataloguer (publisher's Web site, viewed Sept. 29, 2011).
=506  \\$aData are free to access.
=516  \\$atext/csv; text/plain; text/html.
=518  \\$a2003-05-06 09:50:34 - 2004-02-18 02:50:31.
=520  \\$aSensors for measuring temperature, conductivity, and fluorescence have been installed in the engine room of the ferry ship P&O Pride of Bilbao. Data are sent via a satellite link every 10 minutes. They are received at SOC (Southampton Oceanography Centre, now National Oceanography Centre, Southampton) and written to a data base. The accumulated data is then used to produce graphs.
=538  \\$aMode of access: World Wide Web.
=540  \\$aNot stated.
=584  \\$aData were collected by the National Oceanography Centre.
=584  \\$aAccepting data submissions: No.
=650  \0$aOceanography$zNorth Atlantic Ocean$vObservations$vDatabases.
=653  2\$aLiving With Environmental Change
=655  \7$aDataset.$2local
=655  \7$aObservational data.$2local
=655  \7$aMonitoring data.$2local
=655  \7$aReference data.$2local
=690  7\$aResearch Datasets Collection$2blcoll
=710  2\$aPride of Bilbao (Ship)
=710  2\$aNational Oceanography Centre, Southampton.
=710  2\$aFerryBox Project.
=856  40$uhttp://www.noc.soton.ac.uk/ops/ferrybox_2003/ferrybox_2003_index.php$yResearch Datasets Collection
=859  \\$aXLD$bdatasets
=CAT  \\$aRESDATASET$b00$c20110825$lBLL01$h1145
=CAT  \\$a7332$b40$c20110930$lBLL01$h0724
=CAT  \\$a7332$b40$c20110930$lBLL01$h0753
=CAT  \\$a7332$b40$c20120103$lBLL01$h0916
=CAT  \\$a7332$b40$c20120111$lBLL01$h1133
=CAT  \\$aBATCH-UPD$b40$c20120821$lBLL01$h1643
=CAT  \\$aBATCH-UPD$b40$c20121018$lBLL01$h1010
=CAT  \\$aWR13.117$c20130718$lBLL01$h1857
=CAT  \\$aW1606-1753$c20171028$lBLL01$h1342
=FIN  \\$aY$d20110929
=FMT  \\$a  BK
=LAS  \\$aW1606-1753$b00$c20171028$lBLL01$h1342
=SRC  \\$aBLDatasets$bstm_datasets_20110825_mrc.xml
=TCO  \\$aZZZ$c008

