=LDR  02231 ai a2200565 a 4500
=001  015876972
=003  Uk
=005  20120726081852.0
=006  m\\\\\\\\m\|\\\\\\
=007  cr\|||||||||||
=008  110825c19969999enkuu\d\o\\\\\0\\\a2eng\\
=024  7\$astm20100722a$2local
=040  \\$aUk$beng$cUk
=042  \\$aukblsr
=082  04$a930.10684$223
=245  00$aArchaeology data service$h[electronic resource].
=246  3\$aADS
=260  \\$bArchaeology Data Service, Dept. of Archaeology, University of York,$c2006-
=336  \\$atext$2rdacontent
=337  \\$acomputer$2rdamedia
=338  \\$aonline resource$2rdacarrier
=500  \\$aTitle from Web page (viewed Mar. 21, 2012).
=506  \\$aData are free to access.
=516  \\$aWide variety of formats, including but not limited to: image/jpg; text/csv; image/png; application/pdf; application/msexcel; application/msaccess; image/gif; image/tiff; shapefile; text/plain.
=520  \\$aAs well as datasets and databases, the ADS provides access to archaeological reports and grey literature.
=538  \\$aMode of access: World Wide Web.
=540  \\$aCreators/Contributors retain copyright.
=584  \\$aData are submitted by researchers.
=584  \\$aAccepting data submissions: Yes.
=650  \0$aArchaeology$vDatabases.
=650  \0$aArchaeology$xResearch$vDatabases.
=655  \7$aDataset.$2local
=655  \7$aExperimental data.$2local
=655  \7$aObservational data.$2local
=655  \7$aReference data.$2local
=690  7\$aResearch Datasets Collection$2blcoll
=710  2\$aUniversity of York.$bArchaeology Data Service.
=856  40$uhttp://archaeologydataservice.ac.uk/$yResearch Datasets Collection
=859  \\$aXLD$bdatasets
=CAT  \\$aRESDATASET$b00$c20110825$lBLL01$h1145
=CAT  \\$a7332$b40$c20120321$lBLL01$h1107
=CAT  \\$a7332$b40$c20120726$lBLL01$h0818
=CAT  \\$aBATCH-UPD$b40$c20120821$lBLL01$h1643
=CAT  \\$aBATCH-UPD$b40$c20121018$lBLL01$h1010
=CAT  \\$aWR13.117$c20130718$lBLL01$h1857
=CAT  \\$aW1606-1753$c20171028$lBLL01$h1342
=FMT  \\$a  SE
=LAS  \\$aW1606-1753$b00$c20171028$lBLL01$h1342
=SRC  \\$aBLDatasets$bstm_datasets_20110825_mrc.xml
=TCO  \\$aZZZ$c008

