=LDR  03040 ai a2200589 a 4500
=001  015876973
=003  Uk
=005  20120726082003.0
=006  m\\\\\\\\m\|\\\\\\
=007  cr\|||||||||||
=008  110825c200u9999xxuuu\d\o\\\\\0\\\a2eng\\
=024  7\$astm20110722b$2local
=040  \\$aUk$beng$cUk
=042  \\$aukblsr
=082  04$a612.82$223
=245  00$aBrainMaps.org$h[electronic resource].
=246  3\$aBrainMaps
=246  3\$aBrain maps
=260  \\$a[Davis, Calif.] :$bUC Regents Davis Campus
=336  \\$atext$2rdacontent
=337  \\$acomputer$2rdamedia
=338  \\$aonline resource$2rdacarrier
=500  \\$aTitle from home page (viewed on Mar. 22, 2012).
=506  \\$aData are free to access.
=510  3\$uhttp://www.brains-minds-media.org/archive/1426
=516  \\$aimage/jpg; Virtual Reality Modeling Language.
=520  \\$aAn interactive multiresolution next-generation brain atlas that is based on over 20 million megapixels of sub-micron resolution, annotated, scanned images of serial sections of both primate and non-primate brains and that is integrated with a high-speed database for querying and retrieving data about brain structure and function over the internet. Currently featured are complete brain atlas datasets for mammalian species, including: primates (Homo sapiens; Macaca mulatta; Rhesus atlas; Macaca fascicularis; Chlorocebus aethiops; Callicebus moloch); the gray wolf and domestic cat (Canis lupus; Felis catus); the brown rat and house mouse (Rattus norvegicus; Mus musculus); short-tailed opossum (Monodelphis); monotremes (egg-laying mammals, Tachyglossidae and Ornithorhynchus anatinus). Non-mammalian species included are barn owl (Tyto alba), domestic chicken (Gallus gallus) and goldfish (Carassius auratus).
=538  \\$aMode of access: World Wide Web.
=540  \\$aAll image content, unless otherwise noted, is copyright the image dataset owners (denoted by the 'source' associated with image datasets), and if none indicated, the UC Regents Davis campus.
=584  \\$aAccepting data submissions: No.
=650  \0$aBrain mapping$vDatabases.
=650  \0$aBrain$xAnatomy$vDatabases.
=653  2\$aBrain Mapping.
=655  \7$aDataset.$2local
=655  \7$aExperimental data.$2local
=655  \7$aMonitoring data.$2local
=655  \7$aReference data.$2local
=690  7\$aResearch Datasets Collection$2blcoll
=710  2\$aUniversity of California, Davis.
=856  40$uhttp://brainmaps.org$yResearch Datasets Collection
=859  \\$aXLD$bdatasets
=CAT  \\$aRESDATASET$b00$c20110825$lBLL01$h1145
=CAT  \\$a7332$b40$c20120322$lBLL01$h1042
=CAT  \\$a7332$b40$c20120726$lBLL01$h0820
=CAT  \\$aBATCH-UPD$b40$c20120821$lBLL01$h1643
=CAT  \\$aBATCH-UPD$b40$c20121018$lBLL01$h1010
=CAT  \\$aWR13.117$c20130718$lBLL01$h1857
=CAT  \\$aW1606-1753$c20171028$lBLL01$h1342
=FMT  \\$a  SE
=LAS  \\$aW1606-1753$b00$c20171028$lBLL01$h1342
=SRC  \\$aBLDatasets$bstm_datasets_20110825_mrc.xml
=TCO  \\$aZZZ$c008

