=LDR  02040 ai a2200577 a 4500
=001  015876975
=003  Uk
=005  20121024080930.0
=006  m\\\\\\\\m\|\\\\\\
=007  cr\|||||||||||
=008  110825c200u9999xx\uu\d\o\\\\\0\\\a2eng\\
=024  7\$astm20110725c$2local
=040  \\$aUk$beng$cUk$dUk
=042  \\$aukblsr
=082  04$a520$223
=245  00$aESO/ST-ECF science archive facility$h[electronic resource].
=246  3\$aScience archive facility
=246  3\$aESO Science Archive Facility
=260  \\$a[Munich] :$bESO ;$aGarching :$bST-ECF
=336  \\$atext$2rdacontent
=337  \\$acomputer$2rdamedia
=338  \\$aonline resource$2rdacarrier
=500  \\$aTitle from home page (viewed on Mar. 22, 2012).
=506  \\$aUsers must register to access data.
=516  \\$aFITS.
=538  \\$aMode of access: World Wide Web.
=540  \\$aAll data in the ESO archive remains the property of ESO.
=584  \\$aAccepting data submissions: Yes.
=650  \0$aAstronomy$vObservations$vDatabases.
=655  \7$aDataset.$2local
=655  \7$aObservational data.$2local
=655  \7$aMonitoring data.$2local
=655  \7$aReference data.$2local
=690  7\$aResearch Datasets Collection$2blcoll
=710  2\$aEuropean Southern Observatory.
=710  2\$aSpace Telescope-European Coordinating Facility.
=856  40$uhttp://archive.eso.org/cms.html$yResearch Datasets Collection
=859  \\$aXLD$bdatasets
=CAT  \\$aRESDATASET$b00$c20110825$lBLL01$h1145
=CAT  \\$a7332$b40$c20120322$lBLL01$h1433
=CAT  \\$a7332$b40$c20120726$lBLL01$h0831
=CAT  \\$aBATCH-UPD$b40$c20120821$lBLL01$h1643
=CAT  \\$aBATCH-UPD$b40$c20121018$lBLL01$h1009
=CAT  \\$a7332$b40$c20121024$lBLL01$h0807
=CAT  \\$a7332$b40$c20121024$lBLL01$h0809
=CAT  \\$aWR13.117$c20130718$lBLL01$h1857
=CAT  \\$aW1606-1753$c20171028$lBLL01$h1342
=FMT  \\$a  SE
=LAS  \\$aW1606-1753$b00$c20171028$lBLL01$h1342
=SRC  \\$aBLDatasets$bstm_datasets_20110825_mrc.xml
=TCO  \\$aZZZ$c008

