=LDR  02543 ai a2200553 a 4500
=001  015876976
=003  Uk
=005  20120726083433.0
=006  m\\\\\\\\m\|\\\\\\
=007  cr\|||||||||||
=008  110825c200u9999xxuuu\d\o\\\\\0\\\a2eng\\
=024  7\$astm20110726b$2local
=040  \\$aUk$beng$cUk
=042  \\$aukblsr
=082  04$a611.80222$223
=245  00$aLONI image data archive$h[electronic resource].
=246  3\$aIDA
=260  \\$aLos Angeles :$bLaboratory of Neuro Imaging, Dept. of Neurology, UCLA School of Medicine
=336  \\$atext$2rdacontent
=337  \\$acomputer$2rdamedia
=338  \\$aonline resource$2rdacarrier
=500  \\$aTitle from home page (viewed on Mar. 23, 2012).
=506  \\$aSome data require permission to access.
=520  \\$aThe LONI Image Data Archive (IDA) provides an integrated environment for safely archiving, querying, visualizing and sharing neuroimaging data. The archive facilitates the de-identification and pooling of data from multiple institutions, protecting data from unauthorized access while providing the ability to share data among collaborative investigators. The archive provides flexibility in establishing project metadata, accommodating one or more research groups, species, sites and other attributes. Archiving data is simple, secure and requires nothing more than a computer with internet connection and a web browser.
=538  \\$aMode of access: World Wide Web.
=540  \\$aNot stated.
=584  \\$aAccepting data submissions: Yes.
=650  \0$aBrain$xImaging$vDatabases.
=650  \0$aNeuroanatomy$vAtlases.
=655  \7$aDataset.$2local
=655  \7$aExperimental data.$2local
=655  \7$aRecordings.$2local
=655  \7$aReference data.$2local
=690  7\$aResearch Datasets Collection$2blcoll
=710  2\$aUniversity of California, Los Angeles.$bLaboratory of Neuro Imaging.
=856  40$uhttps://ida.loni.ucla.edu/login.jsp$yResearch Datasets Collection
=859  \\$aXLD$bdatasets
=CAT  \\$aRESDATASET$b00$c20110825$lBLL01$h1145
=CAT  \\$a7332$b40$c20120323$lBLL01$h0822
=CAT  \\$a7332$b40$c20120323$lBLL01$h0828
=CAT  \\$a7332$b40$c20120726$lBLL01$h0834
=CAT  \\$aBATCH-UPD$b40$c20120821$lBLL01$h1643
=CAT  \\$aBATCH-UPD$b40$c20121018$lBLL01$h1010
=CAT  \\$aWR13.117$c20130718$lBLL01$h1857
=CAT  \\$aW1606-1753$c20171028$lBLL01$h1342
=FMT  \\$a  SE
=LAS  \\$aW1606-1753$b00$c20171028$lBLL01$h1342
=SRC  \\$aBLDatasets$bstm_datasets_20110825_mrc.xml
=TCO  \\$aZZZ$c008

