=LDR  02363 ai a2200589 a 4500
=001  015876977
=003  Uk
=005  20130927142457.0
=006  m\\\\\\\\m\|\\\\\\
=007  cr\|||||||||||
=008  110825c200u9999xxuuu\d\o\\\\\0\\\a2eng\\
=024  7\$astm20110726c$2local
=040  \\$aUk$beng$cUk$dUk
=042  \\$aukblsr
=082  04$a305.260973$223
=245  00$aNational archive of computerized data on aging$h[electronic resource].
=246  3\$aNACDA
=260  \\$aAnn Arbor :$bInter-University Consortium for Political and Social Research
=336  \\$atext$2rdacontent
=337  \\$acomputer$2rdamedia
=338  \\$aonline resource$2rdacarrier
=500  \\$aTitle from home page (viewed on Mar. 23, 2012).
=506  \\$aLocation or affiliation-based restrictions on data access.
=520  \\$aData relevant to gerontological research, which can be searched by variables or subject of interest. Data ranges from social data such as survey or census data, through to data from psychological or biomedical studies.
=538  \\$aMode of access: World Wide Web.
=540  \\$aNot stated.
=584  \\$aData are submitted by researchers.
=584  \\$aAccepting data submissions: Yes.
=650  \0$aOlder people$zUnited States$vDatabases.
=650  \0$aGerontology$zUnited States$vDatabases.
=650  \0$aGeriatrics$zUnited States$vDatabases.
=655  \7$aDataset.$2local
=655  \7$aExperimental data.$2local
=655  \7$aLongitudinal data.$2local
=655  \7$aReference data.$2local
=690  7\$aResearch Datasets Collection$2blcoll
=710  2\$aInter-university Consortium for Political and Social Research.
=710  2\$aNational Institute on Aging.
=856  40$uhttp://www.icpsr.umich.edu/icpsrweb/NACDA/$yResearch Datasets Collection
=859  \\$aXLD$bdatasets
=CAT  \\$aRESDATASET$b00$c20110825$lBLL01$h1145
=CAT  \\$a7332$b40$c20120323$lBLL01$h1303
=CAT  \\$a7332$b40$c20120726$lBLL01$h0843
=CAT  \\$aBATCH-UPD$b40$c20120821$lBLL01$h1643
=CAT  \\$aBATCH-UPD$b40$c20121018$lBLL01$h1010
=CAT  \\$aWR13.117$c20130718$lBLL01$h1857
=CAT  \\$a7332$b40$c20130927$lBLL01$h1424
=CAT  \\$aW1606-1753$c20171028$lBLL01$h1342
=FMT  \\$a  SE
=LAS  \\$aW1606-1753$b00$c20171028$lBLL01$h1342
=SRC  \\$aBLDatasets$bstm_datasets_20110825_mrc.xml
=TCO  \\$aZZZ$c008

