=LDR  02218 ai a2200589 a 4500
=001  015876978
=003  Uk
=005  20120726090112.0
=006  m\\\\\\\\m\|\\\\\\
=007  cr\|||||||||||
=008  110825c200u9999xxuuu\d\o\s\\\0\\\a2eng\\
=024  7\$astm20110727a$2local
=040  \\$aUk$beng$cUk
=042  \\$aukblsr
=082  04$a362.10973$223
=245  00$aPublic use data files and documentation$h[electronic resource] /$cNational Center for Health Statistics
=260  \\$a[Hyattsville, Md.] :$bCenters for Disease Control and Prevention
=336  \\$atext$2rdacontent
=337  \\$acomputer$2rdamedia
=338  \\$aonline resource$2rdacarrier
=500  \\$aTitle from home page (viewed on Mar. 30, 2012).
=506  \\$aData are free to access.
=516  \\$aapplication/zip; text/plain; application/octet-stream (.dat).
=538  \\$aMode of access: World Wide Web.
=540  \\$aNot stated.
=584  \\$aData are colelction from various national surveys.
=584  \\$aAccepting data submissions: No.
=650  \0$aMedical care$zUnited States$vStatistics$vDatabases.
=651  \0$aUnited States$vStatistics, Medical$vDatabases.
=651  \0$aUnited States$vStatistics, Vital$vDatabases.
=653  2\$aPublic Health
=655  \7$aDataset.$2local
=655  \7$aStatistics.$2local
=655  \7$aMonitoring data.$2local
=655  \7$aReference data.$2local
=690  7\$aResearch Datasets Collection$2blcoll
=710  2\$aNational Center for Health Statistics (U.S.)
=710  2\$aCenter for Disease Control.
=856  40$uhttp://www.cdc.gov/nchs/data_access/ftp_data.htm$yResearch Datasets Collection
=859  \\$aXLD$bdatasets
=CAT  \\$aRESDATASET$b00$c20110825$lBLL01$h1145
=CAT  \\$a7332$b40$c20120330$lBLL01$h1009
=CAT  \\$a7332$b40$c20120330$lBLL01$h1016
=CAT  \\$a7332$b40$c20120726$lBLL01$h0901
=CAT  \\$aBATCH-UPD$b40$c20120821$lBLL01$h1643
=CAT  \\$aBATCH-UPD$b40$c20121018$lBLL01$h1010
=CAT  \\$aWR13.117$c20130718$lBLL01$h1857
=CAT  \\$aW1606-1753$c20171028$lBLL01$h1342
=FMT  \\$a  SE
=LAS  \\$aW1606-1753$b00$c20171028$lBLL01$h1342
=SRC  \\$aBLDatasets$bstm_datasets_20110825_mrc.xml
=TCO  \\$aZZZ$c008

