=LDR  02137 ai a2200589 a 4500
=001  015876979
=003  Uk
=005  20130205131857.0
=006  m\\\\\\\\m\|\\\\\\
=007  cr\|||||||||||
=008  110825c200u9999xxuuu\d\o\\\\\0\\\a2eng\\
=015  \\$aGBB241916$2bnb
=024  7\$astm20110815a$2local
=040  \\$aUk$beng$cUk$dUk
=042  \\$aukblsr
=082  04$a595.772$223
=245  00$aAnopheles gambiae gene expression database$h[electronic resource].
=260  \\$aIrvine :$bUniversity of California, Irvine
=336  \\$atext$2rdacontent
=337  \\$acomputer$2rdamedia
=338  \\$aonline resource$2rdacarrier
=500  \\$aTitle from home page (viewed on May 1, 2012).
=506  \\$aData are free to access.
=510  3\$uhttp://dx.doi.org/10.1186/1471-2164-7-116
=516  \\$aapplication/zip; ASCII.
=538  \\$aMode of access: World Wide Web.
=540  \\$aNot stated.
=584  \\$aData are generated by the creators of the database, but it is accepting submissions from other researchers with suitable microarray data.
=584  \\$aAccepting data submissions: Yes.
=650  \0$aAnopheles gambiae$xMolecular genetics$vDatabases.
=653  2\$aNeglected Tropical Disease
=655  \7$aDataset.$2local
=655  \7$aExperimental data.$2local
=655  \7$aMonitoring data.$2local
=655  \7$aReference data.$2local
=690  7\$aResearch Datasets Collection$2blcoll
=700  1\$aJames, Anthony A.
=710  2\$aUniversity of California, Irvine.
=856  40$uhttp://www.angagepuci.bio.uci.edu/$yResearch Datasets Collection
=859  \\$aXLD$bdatasets
=CAT  \\$aRESDATASET$b00$c20110825$lBLL01$h1145
=CAT  \\$a7332$b40$c20120501$lBLL01$h1334
=CAT  \\$aBATCH-UPD$b40$c20120821$lBLL01$h1643
=CAT  \\$aBATCH-UPD$b40$c20121018$lBLL01$h1010
=CAT  \\$a7332$b40$c20130205$lBLL01$h1318
=CAT  \\$aWR13.117$c20130718$lBLL01$h1857
=CAT  \\$aW1606-1753$c20171028$lBLL01$h1342
=FIN  \\$aY$d20120501
=FMT  \\$a  SE
=LAS  \\$aW1606-1753$b00$c20171028$lBLL01$h1342
=SRC  \\$aBLDatasets$bstm_datasets_20110825_mrc.xml
=TCO  \\$aZZZ$c008

