=LDR  02708 ai a2200637 a 4500
=001  015876980
=003  Uk
=005  20130205131528.0
=006  m\\\\\\\\m\|\\\\\\
=007  cr\|||||||||||
=008  110825c200u9999enkuu\d\o\\\\\0\\\a2eng\\
=024  7\$astm20110815c$2local
=040  \\$aUk$beng$cUk
=042  \\$aukblsr
=082  04$a595.77$223
=245  00$aFlyMine$h[electronic resource] :$ban integrated database for Drosophila and Anopheles genomics.
=246  3\$aFly mine
=260  \\$a[Cambridge :$bCambridge Systems Biology Centre]
=336  \\$atext$2rdacontent
=337  \\$acomputer$2rdamedia
=338  \\$aonline resource$2rdacarrier
=500  \\$aTitle from home page (viewed on May 8, 2012).
=506  \\$aData are free to access.
=510  3\$uhttp://dx.doi.org/10.1186/gb-2007-8-7-r129
=520  \\$aFlyMine is a data warehouse that addresses one of the important challenges of modern biology: how to integrate and make use of the diversity and volume of current biological data. Its main focus is genomic and proteomics data for Drosophila and other insects. It provides web access to integrated data at a number of different levels, from simple browsing to construction of complex queries, which can be executed on either single items or lists.
=538  \\$aMode of access: World Wide Web.
=540  \\$aNot stated.
=584  \\$aData are drawn from a variety of publicly available bioinformatics databases.
=584  \\$aAccepting data submissions: No.
=650  \0$aDrosophila$vDatabases.
=650  \0$aAnopheles$vDatabases.
=650  \0$aDrosophila$xGenetics$vDatabases.
=650  \0$aAnopheles$xGenetics$vDatabases.
=650  \0$aDrosophila$xGenome mapping$vDatabases.
=650  \0$aAnopheles$xGenome mapping$vDatabases.
=653  2\$aNeglected Tropical Disease
=655  \7$aDataset.$2local
=655  \7$aExperimental data.$2local
=655  \7$aReference data.$2local
=690  7\$aResearch Datasets Collection$2blcoll
=710  2\$aCambridge Systems Biology Centre.
=856  40$uhttp://www.flymine.org/$yResearch Datasets Collection
=859  \\$aXLD$bdatasets
=CAT  \\$aRESDATASET$b00$c20110825$lBLL01$h1145
=CAT  \\$a7332$b40$c20120508$lBLL01$h0851
=CAT  \\$aBATCH-UPD$b40$c20120821$lBLL01$h1643
=CAT  \\$aBATCH-UPD$b40$c20121018$lBLL01$h1009
=CAT  \\$a7332$b40$c20130205$lBLL01$h1315
=CAT  \\$aWR13.117$c20130718$lBLL01$h1857
=CAT  \\$aBATCH-UPD$b00$c20160924$lBLL01$h0300
=CAT  \\$aW1606-1753$c20171028$lBLL01$h1342
=FIN  \\$aY$d20120508
=FMT  \\$a  SE
=LAS  \\$aW1606-1753$b00$c20171028$lBLL01$h1342
=SRC  \\$aBLDatasets$bstm_datasets_20110825_mrc.xml
=TCO  \\$aZZZ$c008

