=LDR  02396 ai a2200613 a 4500
=001  015876983
=003  Uk
=005  20120329082038.0
=006  m\\\\\\\\m\|\\\\\\
=007  cr\|||||||||||
=008  110825c20089999enkuu\w\o\\\\\0\\\a2eng\\
=024  7\$astm20110804a$2local
=040  \\$aUk$beng$cUk
=042  \\$aukblsr
=082  04$a551.461336$223
=245  00$aNorth east coastal observatory$h[electronic resource].
=246  3\$aNECO
=260  \\$aScarborough :$bScarborough Borough Council,$c2008-
=336  \\$atext$2rdacontent
=337  \\$acomputer$2rdamedia
=338  \\$aonline resource$2rdacarrier
=500  \\$aTitle from home page (viewed on Sept. 21, 2011).
=506  \\$aUsers must register to access data.
=516  \\$atext/html.
=520  \\$aTopographic, bathymetric and wave data collected for the Northeast observatory. Area of interest can be selected using the map interface which displays available data. Advanced search allows specific keyword and data type searches.
=538  \\$aMode of access: World Wide Web.
=540  \\$aCrown Copyright.
=584  \\$aData are collected by the North east Coastal Observatory.
=584  \\$aAccepting data submissions: No.
=650  \0$aOceanography$zNorth Sea Coast (England and Scotland)$vObservations$vDatabases.
=653  2\$aLiving With Environmental Change
=655  \7$aDataset.$2local
=655  \7$aObservational data.$2local
=655  \7$aMonitoring data.$2local
=655  \7$aReference data.$2local
=690  7\$aResearch Datasets Collection$2blcoll
=710  1\$aScarborough (England).$bBorough Council.
=710  2\$aNorth East Coastal Group.
=856  40$uhttp://www.northeastcoastalobservatory.org.uk/$yResearch Datasets Collection
=859  \\$aXLD$bdatasets
=CAT  \\$aRESDATASET$b00$c20110825$lBLL01$h1145
=CAT  \\$a7332$b40$c20110921$lBLL01$h1133
=CAT  \\$a7332$b40$c20110921$lBLL01$h1140
=CAT  \\$a7332$b40$c20120103$lBLL01$h0829
=CAT  \\$a7332$b40$c20120329$lBLL01$h0820
=CAT  \\$aBATCH-UPD$b40$c20120821$lBLL01$h1643
=CAT  \\$aBATCH-UPD$b40$c20121018$lBLL01$h1009
=CAT  \\$aWR13.117$c20130718$lBLL01$h1857
=CAT  \\$aW1606-1753$c20171028$lBLL01$h1342
=FIN  \\$aY$d20110921
=FMT  \\$a  SE
=LAS  \\$aW1606-1753$b00$c20171028$lBLL01$h1342
=SRC  \\$aBLDatasets$bstm_datasets_20110825_mrc.xml
=TCO  \\$aZZZ$c008

