=LDR  02585 ai a2200637 a 4500
=001  015876984
=003  Uk
=005  20120411111128.0
=006  m\\\\\\\\m\|\\\\\\
=007  cr\|||||||||||
=008  110825c200u9999xxuuu\d\o\\\\\0\\\a2eng\\
=024  7\$astm20110804b$2local
=040  \\$aUk$beng$cUk
=042  \\$aukblsr
=082  04$a551.46143$223
=245  00$aCenter for Coastal Margin Observation & Prediction: campaign data$h[electronic resource].
=246  3\$aCMOP campaign data
=260  \\$aBeaverton :$bCMOP
=336  \\$atext$2rdacontent
=337  \\$acomputer$2rdamedia
=338  \\$aonline resource$2rdacarrier
=500  \\$aTitle from home page (viewed on Apr. 10, 2012).
=506  \\$aData are free to access.
=516  \\$atext/csv; Ocean Data View (ODV) format; ASCII.
=520  \\$aThis is a collection of interactive tools and raw data collected by CMOP scientists from research campaigns in the Columbia River estuary, near plume, and coastal margins of Oregon and Washington.
=538  \\$aMode of access: World Wide Web.
=540  \\$aNot stated.
=584  \\$aData are collected by CMOP researchers.
=584  \\$aAccepting data submissions: No.
=650  \0$aOceanography$zColumbia River Estuary (Or. and Wash.)$vDatabases.
=650  \0$aOceanography$zPacific Coast (Wash.)$vDatabases.
=650  \0$aOceanography$zPacific Coast (Or.)$vDatabases.
=650  \0$aMarine meteorology$zColumbia River Estuary (Or. and Wash.)$vDatabases.
=650  \0$aMarine meteorology$zPacific Coast (Wash.)$vDatabases.
=650  \0$aMarine meteorology$zPacific Coast (Or.)$vDatabases.
=653  2\$aLiving With Environmental Change
=655  \7$aDataset.$2local
=655  \7$aObservational data.$2local
=655  \7$aMonitoring data.$2local
=655  \7$aReference data.$2local
=690  7\$aResearch Datasets Collection$2blcoll
=710  2\$aCenter for Coastal Margin Observation & Prediction.
=856  40$uhttp://www.stccmop.org/datamart/campaigndata$yResearch Datasets Collection
=859  \\$aXLD$bdatasets
=CAT  \\$aRESDATASET$b00$c20110825$lBLL01$h1145
=CAT  \\$a7332$b40$c20120410$lBLL01$h1019
=CAT  \\$a7332$b40$c20120411$lBLL01$h1111
=CAT  \\$aBATCH-UPD$b40$c20120821$lBLL01$h1643
=CAT  \\$aBATCH-UPD$b40$c20121018$lBLL01$h1009
=CAT  \\$aWR13.117$c20130718$lBLL01$h1857
=CAT  \\$aW1606-1753$c20171028$lBLL01$h1342
=FIN  \\$aY$d20120410
=FMT  \\$a  SE
=LAS  \\$aW1606-1753$b00$c20171028$lBLL01$h1342
=SRC  \\$aBLDatasets$bstm_datasets_20110825_mrc.xml
=TCO  \\$aZZZ$c008

