=LDR  02364 ai a2200589 a 4500
=001  015876985
=003  Uk
=005  20130806100335.0
=006  m\\\\\\\\m\|\\\\\\
=007  cr\|||||||||||
=008  110825c200u9999xxuuu\d\o\\\\\0\\\a2eng\\
=024  7\$astm20110808a$2local
=040  \\$aUk$beng$cUk$dUk
=042  \\$aukblsr
=082  04$a551.461347$223
=245  00$aChesapeake Bay interpretive buoy system$h[electronic resource].
=246  3\$aInterpretive buoy system
=246  3\$aCBIBS
=260  \\$a[Silver Spring] :$bNational Oceanic and Atmospheric Administration
=336  \\$atext$2rdacontent
=337  \\$acomputer$2rdamedia
=338  \\$aonline resource$2rdacarrier
=500  \\$aTitle from home page (viewed on Feb. 11, 2012).
=506  \\$aData are free to access.
=520  \\$aData can be downloaded per buoy and parameter, over a selected date range. The site may freeze when selecting large date ranges (restrict downloadeds to one platform and parameter for large date ranges).
=538  \\$aMode of access: World Wide Web.
=540  \\$aNot stated.
=584  \\$aData are collected from the Chesapeake Bay Interpretive Buoy System.
=584  \\$aAccepting data submissions: No.
=650  \0$aOceanographic buoys$vChesapeake Bay (Md. and Va.)$vObservations$vDatabases.
=650  \0$aOceanography$zChesapeake Bay (Md. and Va.)$vObservations$vDatabases.
=653  2\$aLiving With Environmental Change
=655  \7$aDataset.$2local
=655  \7$aMonitoring data.$2local
=655  \7$aObservational data.$2local
=655  \7$aReference data.$2local
=690  7\$aResearch Datasets Collection$2blcoll
=710  1\$aUnited States.$bNational Oceanic and Atmospheric Administration.
=856  40$uhttp://buoybay.noaa.gov/observations$yResearch Datasets Collection
=859  \\$aXLD$bdatasets
=CAT  \\$aRESDATASET$b00$c20110825$lBLL01$h1145
=CAT  \\$a7332$b40$c20120211$lBLL01$h1111
=CAT  \\$aBATCH-UPD$b40$c20120821$lBLL01$h1643
=CAT  \\$aBATCH-UPD$b40$c20121018$lBLL01$h1010
=CAT  \\$aWR13.117$c20130718$lBLL01$h1857
=CAT  \\$a7332$b40$c20130806$lBLL01$h1003
=CAT  \\$aW1606-1753$c20171028$lBLL01$h1342
=FIN  \\$aY$d20120211
=FMT  \\$a  SE
=LAS  \\$aW1606-1753$b00$c20171028$lBLL01$h1342
=SRC  \\$aBLDatasets$bstm_datasets_20110825_mrc.xml
=TCO  \\$aZZZ$c008

