=LDR  01916 ai a2200529 a 4500
=001  015876986
=003  Uk
=005  20120211113229.0
=006  m\\\\\\\\m\|\\\\\\
=007  cr\|||||||||||
=008  110825c200u9999is\uu\d\o\\\\\0\\\a2eng\\
=024  7\$astm20110805a$2local
=040  \\$aUk$beng$cUk
=042  \\$aukblsr
=082  04$a551.46138$223
=245  00$aMediterranean access based system for exploration and visualization of marine cast data$h[electronic resource].
=246  3\$aMEDACC
=260  \\$aHaifa :$bIsrael Oceanographic & Limnological Research
=336  \\$atext$2rdacontent
=337  \\$acomputer$2rdamedia
=338  \\$aonline resource$2rdacarrier
=500  \\$aTitle from home page (viewed on Feb. 11, 2012).
=506  \\$aUsers must register to access data.
=538  \\$aMode of access: World Wide Web.
=540  \\$aNot stated.
=584  \\$aAccepting data submissions: No.
=650  \0$aOceanography$xResearch$zMediterranean Sea$vDatabases.
=653  2\$aLiving With Environmental Change
=655  \7$aDataset.$2local
=655  \7$aObservational data.$2local
=655  \7$aMonitoring data.$2local
=655  \7$aReference data.$2local
=690  7\$aResearch Datasets Collection$2blcoll
=710  2\$aHÌ£ekÌ£er yamim vÌ£a-agamim le-YisÌraÊ¾el be-Ê¿e.m.
=856  40$uhttp://isramar.ocean.org.il/isramar2009/medacc/default.aspx$yResearch Datasets Collection
=859  \\$aXLD$bdatasets
=CAT  \\$aRESDATASET$b00$c20110825$lBLL01$h1145
=CAT  \\$a7332$b40$c20120211$lBLL01$h1132
=CAT  \\$aBATCH-UPD$b40$c20120821$lBLL01$h1643
=CAT  \\$aBATCH-UPD$b40$c20121018$lBLL01$h1010
=CAT  \\$aWR13.117$c20130718$lBLL01$h1857
=CAT  \\$aW1606-1753$c20171028$lBLL01$h1342
=FIN  \\$aY$d20120211
=FMT  \\$a  SE
=LAS  \\$aW1606-1753$b00$c20171028$lBLL01$h1342
=SRC  \\$aBLDatasets$bstm_datasets_20110825_mrc.xml
=TCO  \\$aZZZ$c008

