=LDR  02577 ai a2200601 a 4500
=001  015876987
=003  Uk
=005  20130319101852.0
=006  m\\\\\\\\m\|\\\\\\
=007  cr\|||||||||||
=008  110825c200u9999xxuuu\d\o\\\\\0\\\a2eng\\
=024  7\$astm20110805b$2local
=040  \\$aUk$beng$cUk$dUk
=042  \\$aukblsr
=082  04$a577.510974492$223
=245  00$aMartha's Vineyard Coastal Observatory$h[electronic resource].
=246  3\$aMVCO
=260  \\$aWoods Hole :$bMVCO Data Management Office, Woods Hole Oceanographic Institution
=336  \\$atext$2rdacontent
=337  \\$acomputer$2rdamedia
=338  \\$aonline resource$2rdacarrier
=500  \\$aTitle from HTML header (viewed on Sept. 21, 2011).
=506  \\$aData are free to access.
=516  \\$aASCII.
=520  \\$aMeteorological (wind, air temperature and pressure, humidity, solar and infrared radiation and accumulated rain) and ocean (waves, water temperature, salinity, pH and chlorophyll, top and bottom currents and tide) data from Martha's Vineyard Coastal Observatory. Full data files can be downloaded from FTP, or Web Interface links allow you to subset the data prior to download.
=538  \\$aMode of access: World Wide Web.
=540  \\$aPublishers copyright.
=584  \\$aData are colelcted by MVCO. Some data are provided by researchers.
=584  \\$aAccepting data submissions: Yes.
=650  \0$aCoastal ecology$zMassachusetts$zMartha's Vineyard$vDatabases.
=650  \0$aSeashore ecology$zMassachusetts$zMartha's Vineyard$vDatabases.
=653  2\$aLiving With Environmental Change
=655  \7$aDataset.$2local
=655  \7$aObservational data.$2local
=655  \7$aMonitoring data.$2local
=655  \7$aReference data.$2local
=690  7\$aResearch Datasets Collection$2blcoll
=710  2\$aWoods Hole Oceanographic Institution.$bMVCO Data Management Office.
=856  40$uhttp://www.whoi.edu/page.do?pid=70177$yResearch Datasets Collection
=859  \\$aXLD$bdatasets
=CAT  \\$aRESDATASET$b00$c20110825$lBLL01$h1145
=CAT  \\$a7332$b40$c20110921$lBLL01$h1406
=CAT  \\$a7332$b40$c20120103$lBLL01$h1026
=CAT  \\$aBATCH-UPD$b40$c20120821$lBLL01$h1643
=CAT  \\$aBATCH-UPD$b40$c20121018$lBLL01$h1010
=CAT  \\$a7332$b40$c20130319$lBLL01$h1018
=CAT  \\$aWR13.117$c20130718$lBLL01$h1857
=CAT  \\$aW1606-1753$c20171028$lBLL01$h1342
=FIN  \\$aY$d20110921
=FMT  \\$a  SE
=LAS  \\$aW1606-1753$b00$c20171028$lBLL01$h1342
=SRC  \\$aBLDatasets$bstm_datasets_20110825_mrc.xml
=TCO  \\$aZZZ$c008

