=LDR  02148 ai a2200601 a 4500
=001  015876990
=003  Uk
=005  20131002074441.0
=006  m\\\\\\\\m\|\\\\\\
=007  cr\|||||||||||
=008  110825c200u9999xxcuu\d\o\\\\\0\\\a2eng\\
=024  7\$astm20110808b$2local
=040  \\$aUk$beng$cUk$dUk
=042  \\$aukblsr
=082  04$a572.865$223
=245  00$aSAGE library data$h[electronic resource].
=260  \\$aVancouver :$bMouse Atlas of Gene Expression Project
=336  \\$atext$2rdacontent
=337  \\$acomputer$2rdamedia
=338  \\$aonline resource$2rdacarrier
=500  \\$aTitle from home page (viewed on Mar. 27, 2012).
=506  \\$aData are free to access.
=516  \\$atext/plain.
=520  \\$aSerial analysis of Gene Expression libraries from mouse tissues.
=538  \\$aMode of access: World Wide Web.
=540  \\$aA version of Science or Creative Commons.
=584  \\$aData are generated from the Mouse Atlas of Gene Expression Project.
=584  \\$aAccepting data submissions: Yes.
=650  \0$aMice$xGenetic aspects$vDatabases.
=650  \0$aGene expression$vDatabases.
=653  2\$aModel Organisms
=655  \7$aDataset.$2local
=655  \7$aExperimental data.$2local
=655  \7$aMonitoring data.$2local
=655  \7$aReference data.$2local
=690  7\$aResearch Datasets Collection$2blcoll
=710  2\$aMouse Atlas of Gene Expression Project.
=856  40$uhttp://www.mouseatlas.org/data/mouse/$yResearch Datasets Collection
=859  \\$aXLD$bdatasets
=CAT  \\$aRESDATASET$b00$c20110825$lBLL01$h1145
=CAT  \\$a7332$b40$c20120327$lBLL01$h0855
=CAT  \\$a7332$b40$c20120402$lBLL01$h0725
=CAT  \\$a7332$b40$c20120726$lBLL01$h0857
=CAT  \\$aBATCH-UPD$b40$c20120821$lBLL01$h1643
=CAT  \\$aBATCH-UPD$b40$c20121018$lBLL01$h1010
=CAT  \\$aWR13.117$c20130718$lBLL01$h1857
=CAT  \\$a7332$b40$c20131002$lBLL01$h0744
=CAT  \\$aW1606-1753$c20171028$lBLL01$h1342
=FIN  \\$d20120327
=FMT  \\$a  SE
=LAS  \\$aW1606-1753$b00$c20171028$lBLL01$h1342
=SRC  \\$aBLDatasets$bstm_datasets_20110825_mrc.xml
=TCO  \\$aZZZ$c008

