=LDR  02270 ai a2200553 a 4500
=001  015876991
=003  Uk
=005  20120726082545.0
=006  m\\\\\\\\m\|\\\\\\
=007  cr\|||||||||||
=008  110825c200u9999xxcuu\d\o\\\\\0\\\a2eng\\
=024  7\$astm20110808c$2local
=040  \\$aUk$beng$cUk
=042  \\$aukblsr
=082  04$a572.865$223
=245  00$acisRED$h[electronic resource] :$bdatabases of genome-wide regulatory module and element predictions.
=260  \\$aVancouver :$bCanada's Michael Smith Genome Sciences Centre
=336  \\$atext$2rdacontent
=337  \\$acomputer$2rdamedia
=338  \\$aonline resource$2rdacarrier
=500  \\$aTitle from home page (viewed on Apr. 10, 2012).
=506  \\$aData are free to access.
=510  3\$uhttp://dx.doi.org/10.1093/nar/gkj075
=520  \\$aThe cisRED database holds conserved sequence motifs identified by genome scale motif discovery, similarity, clustering, co-occurrence and coexpression calculations. Sequence inputs include low-coverage genome sequence data and ENCODE data. A Nucleic Acids Research article describes the system architecture.
=538  \\$aMode of access: World Wide Web.
=540  \\$aNot stated.
=584  \\$aData are generated at Canada's Michael Smith Genome Sciences Centre.
=584  \\$aAccepting data submissions: No.
=650  \0$aGene mapping$vDatabases.
=650  \0$aGenomes$vDatabases.
=655  \7$aDataset.$2local
=655  \7$aExperimental data.$2local
=655  \7$aMonitoring data.$2local
=655  \7$aReference data.$2local
=690  7\$aResearch Datasets Collection$2blcoll
=710  2\$aCanada's Michael Smith Genome Sciences Centre.
=856  40$uhttp://www.cisred.org/$yResearch Datasets Collection
=859  \\$aXLD$bdatasets
=CAT  \\$aRESDATASET$b00$c20110825$lBLL01$h1145
=CAT  \\$a7332$b40$c20120410$lBLL01$h1057
=CAT  \\$a7332$b40$c20120726$lBLL01$h0825
=CAT  \\$aBATCH-UPD$b40$c20120821$lBLL01$h1643
=CAT  \\$aBATCH-UPD$b40$c20121018$lBLL01$h1009
=CAT  \\$aWR13.117$c20130718$lBLL01$h1857
=CAT  \\$aW1606-1753$c20171028$lBLL01$h1342
=FMT  \\$a  SE
=LAS  \\$aW1606-1753$b00$c20171028$lBLL01$h1342
=SRC  \\$aBLDatasets$bstm_datasets_20110825_mrc.xml
=TCO  \\$aZZZ$c008

