=LDR  01956 ai a2200565 a 4500
=001  015876992
=003  Uk
=005  20120726085240.0
=006  m\\\\\\\\m\|\\\\\\
=007  cr\|||||||||||
=008  110825c200u9999xxcuu\d\o\\\\\0\\\a2eng\\
=024  7\$astm20110810f$2local
=040  \\$aUk$beng$cUk
=042  \\$aukblsr
=082  04$a572.86$223
=245  00$aPhysical mapping data access$h[electronic resource].
=260  \\$aVancouver :$bCanada's Michael Smith Genome Sciences Centre
=336  \\$atext$2rdacontent
=337  \\$acomputer$2rdamedia
=338  \\$aonline resource$2rdacarrier
=500  \\$aTitle from Web page (viewed on Feb. 9, 2012).
=506  \\$aData are free to access.
=538  \\$aMode of access: World Wide Web.
=540  \\$aNot stated.
=584  \\$aData are generated by the Genome Sciences Centre.
=584  \\$aAccepting data submissions: No.
=650  \0$aGene expression$vDatabases.
=650  \0$aGene mapping$vDatabases.
=650  \0$aGenomes$vDatabases.
=655  \7$aDataset.$2local
=655  \7$aExperimental data.$2local
=655  \7$aMonitoring data.$2local
=655  \7$aReference data.$2local
=690  7\$aResearch Datasets Collection$2blcoll
=710  2\$aCanada's Michael Smith Genome Sciences Centre.
=710  2\$aBC Cancer Agency.
=856  40$uhttp://www.bcgsc.ca/data/data$yResearch Datasets Collection
=859  \\$aXLD$bdatasets
=CAT  \\$aRESDATASET$b00$c20110825$lBLL01$h1145
=CAT  \\$a7332$b40$c20120209$lBLL01$h1028
=CAT  \\$a7332$b40$c20120221$lBLL01$h1131
=CAT  \\$a7332$b40$c20120726$lBLL01$h0852
=CAT  \\$aBATCH-UPD$b40$c20120821$lBLL01$h1643
=CAT  \\$aBATCH-UPD$b40$c20121018$lBLL01$h1009
=CAT  \\$aWR13.117$c20130718$lBLL01$h1857
=CAT  \\$aW1606-1753$c20171028$lBLL01$h1342
=FMT  \\$a  SE
=LAS  \\$aW1606-1753$b00$c20171028$lBLL01$h1342
=SRC  \\$aBLDatasets$bstm_datasets_20110825_mrc.xml
=TCO  \\$aZZZ$c008

