=LDR  02229 ai a2200613 a 4500
=001  015876993
=003  Uk
=005  20130927155842.0
=006  m\\\\\\\\m\|\\\\\\
=007  cr\|||||||||||
=008  110825c200u9999xxcuu\d\o\\\\\0\\\a2eng\\
=024  7\$astm20110808d$2local
=040  \\$aUk$beng$cUk$dUk
=041  0\$aeng$afre
=042  \\$aukblsr
=082  04$a551.60971$223
=245  00$aClimate data online$h[electronic resource].
=246  1\$iFrench interface title:$aDonneÌes climatiques en ligne
=260  \\$aOttawa :$bEnvironment Canada
=336  \\$atext$2rdacontent
=337  \\$acomputer$2rdamedia
=338  \\$aonline resource$2rdacarrier
=500  \\$aTitle from home page (viewed on Feb. 17, 2012).
=506  \\$aData are free to access.
=516  \\$atext/csv; text/html; text/xml.
=520  \\$aHourly, daily or monthly data reports for weather stations in Canada, including temperatures, precipitation and wind variable.
=538  \\$aMode of access: World Wide Web.
=540  \\$aNot stated.
=546  \\$aInterface in English and French.
=584  \\$aData are collected by Environment Canada.
=584  \\$aAccepting data submissions: No.
=651  \0$aCanada$xClimate$xObservations$vDatabases.
=653  2\$aLiving With Environmental Change
=655  \7$aDataset.$2local
=655  \7$aObservational data.$2local
=655  \7$aMonitoring data.$2local
=655  \7$aReference data.$2local
=690  7\$aResearch Datasets Collection$2blcoll
=710  1\$aCanada.$bEnvironment Canada.
=856  40$uhttp://climate.weather.gc.ca/index_e.html$yResearch Datasets Collection
=859  \\$aXLD$bdatasets
=CAT  \\$aRESDATASET$b00$c20110825$lBLL01$h1145
=CAT  \\$a7332$b40$c20120217$lBLL01$h1027
=CAT  \\$aBATCH-UPD$b40$c20120821$lBLL01$h1643
=CAT  \\$aBATCH-UPD$b40$c20121018$lBLL01$h1009
=CAT  \\$aWR13.117$c20130718$lBLL01$h1857
=CAT  \\$a7332$b40$c20130806$lBLL01$h1014
=CAT  \\$a7332$b40$c20130927$lBLL01$h1558
=CAT  \\$aW1606-1753$c20171028$lBLL01$h1342
=FIN  \\$aY$d20120217
=FMT  \\$a  SE
=LAS  \\$aW1606-1753$b00$c20171028$lBLL01$h1342
=SRC  \\$aBLDatasets$bstm_datasets_20110825_mrc.xml
=TCO  \\$aZZZ$c008

