=LDR  02354 ai a2200613 a 4500
=001  015876994
=003  Uk
=005  20120726084646.0
=006  m\\\\\\\\m\|\\\\\\
=007  cr\|||||||||||
=008  110825c200u9999xxuuu\d\o\s\\\0\\\a2eng\\
=024  7\$astm20110728f$2local
=040  \\$aUk$beng$cUk
=042  \\$aukblsr
=082  04$a362.10973021$223
=245  00$aNCHS research data center$h[electronic resource].
=246  3\$aRDC
=260  \\$aAtlanta :$bCenters for Disease Control and Prevention
=336  \\$atext$2rdacontent
=337  \\$acomputer$2rdamedia
=338  \\$aonline resource$2rdacarrier
=500  \\$aTitle from home page (viewed on Feb. 9, 2012).
=506  \\$aUsers must apply for access to data.
=520  \\$aOnline access to the RDC requires application and monthly fees. See the website for more information on access and fees.
=538  \\$aMode of access: World Wide Web.
=540  \\$aNot stated.
=584  \\$aData are generated by the National Center for Health Statistics.
=584  \\$aAccepting data submissions: No.
=650  \0$aMedical care$zUnited States$vStatistics$vDatabases.
=650  \0$aPublic health$zUnited States$vStatistics$vDatabases.
=650  \0$aHealth status indicators$zUnited States$vDatabases.
=650  \0$aHealth surveys$zUnited States$vDatabases.
=651  \0$aUnited States$vStatistics, Medical$vDatabases.
=651  \0$aUnited States$vStatistics, Vital$vDatabases.
=655  \7$aDataset.$2local
=655  \7$aStatistics.$2local
=655  \7$aLongitudinal data.$2local
=655  \7$aReference data.$2local
=690  7\$aResearch Datasets Collection$2blcoll
=710  2\$aCenter for Disease Control.
=710  2\$aNational Center for Health Statistics (U.S.)
=856  40$uhttp://www.cdc.gov/rdc/$yResearch Datasets Collection
=859  \\$aXLD$bdatasets
=CAT  \\$aRESDATASET$b00$c20110825$lBLL01$h1145
=CAT  \\$a7332$b40$c20120209$lBLL01$h1350
=CAT  \\$a7332$b40$c20120726$lBLL01$h0846
=CAT  \\$aBATCH-UPD$b40$c20120821$lBLL01$h1643
=CAT  \\$aBATCH-UPD$b40$c20121018$lBLL01$h1009
=CAT  \\$aWR13.117$c20130718$lBLL01$h1857
=CAT  \\$aW1606-1753$c20171028$lBLL01$h1342
=FMT  \\$a  SE
=LAS  \\$aW1606-1753$b00$c20171028$lBLL01$h1342
=SRC  \\$aBLDatasets$bstm_datasets_20110825_mrc.xml
=TCO  \\$aZZZ$c008

