=LDR  02612 ai a2200601 a 4500
=001  015876995
=003  Uk
=005  20120726085755.0
=006  m\\\\\\\\m\|\\\\\\
=007  cr\|||||||||||
=008  110825c20039999ja\uu\d\o\\\\\0\\\a2eng\\
=024  7\$astm20110728g$2local
=040  \\$aUk$beng$cUk
=042  \\$aukblsr
=082  04$a551.5145$223
=245  00$aSouthEast Asia Low-latitude Ionospheric Network$h[electronic resource].
=246  3\$aSEALION
=260  \\$aTokyo :$bNational Institute of Information and Communications Technology,$c2003-
=336  \\$atext$2rdacontent
=337  \\$acomputer$2rdamedia
=338  \\$aonline resource$2rdacarrier
=500  \\$aTitle from home page (viewed on Feb. 9, 2012).
=506  \\$aData are free to access.
=510  3\$uhttp://dx.doi.org/10.5194/angeo-25-1569-2007
=516  \\$aapplication/vnd.google-earth.kml+xml; image/png.
=520  \\$aSEALION is an ionospheric observation network in Southeast Asia. It has been conducted by NICT since 2003 for the purpose of monitoring and forecasting equatorial ionospheric disturbances, especially plasma bubbles. SEALION is a unique ionospheric observation network in having the conjugate observational points in the northern and southern hemispheres and around the magnetic equator.
=538  \\$aMode of access: World Wide Web.
=540  \\$aNot stated.
=584  \\$aData are generated by SEALION observation sites.
=584  \\$aAccepting data submissions: No.
=650  \0$aIonosphere$vObservations$vDatabases.
=650  \0$aSudden ionospheric disturbances$vObservations$vDatabases.
=655  \7$aDataset.$2local
=655  \7$aObservational data.$2local
=655  \7$aMonitoring data.$2local
=655  \7$aReference data.$2local
=690  7\$aResearch Datasets Collection$2blcoll
=710  2\$aJōhō Tsūshin Kenkyū Kikō (Japan)
=710  2\$aSouthEast Asia Low-latitude Ionospheric Network (Project)
=856  40$uhttp://wdc.nict.go.jp/IONO2/SEALION/index.html$yResearch Datasets Collection
=859  \\$aXLD$bdatasets
=CAT  \\$aRESDATASET$b00$c20110825$lBLL01$h1145
=CAT  \\$a7332$b40$c20120209$lBLL01$h1146
=CAT  \\$a7332$b40$c20120221$lBLL01$h1113
=CAT  \\$a7332$b40$c20120726$lBLL01$h0857
=CAT  \\$aBATCH-UPD$b40$c20120821$lBLL01$h1643
=CAT  \\$aBATCH-UPD$b40$c20121018$lBLL01$h1009
=CAT  \\$aWR13.117$c20130718$lBLL01$h1857
=CAT  \\$aW1606-1753$c20171028$lBLL01$h1342
=FMT  \\$a  SE
=LAS  \\$aW1606-1753$b00$c20171028$lBLL01$h1342
=SRC  \\$aBLDatasets$bstm_datasets_20110825_mrc.xml
=TCO  \\$aZZZ$c008

