=LDR  02401 ai a2200601 a 4500
=001  015876996
=003  Uk
=005  20111020113724.0
=006  m\\\\\\\\m\|\\\\\\
=007  cr\|||||||||||
=008  110825c200u9999gw\uu\d\o\\\\\0\\\a2eng\\
=024  7\$astm20110729b$2local
=040  \\$aUk$beng$cUk
=041  0\$aeng$ager
=042  \\$aukblsr
=082  04$a914.3155$223
=245  00$aMaps, plans, data - online$h[electronic resource] /$cSenate Department for Urban Development.
=260  \\$aBerlin :$bSenate Department for Urban Development
=336  \\$atext$2rdacontent
=337  \\$acomputer$2rdamedia
=338  \\$aonline resource$2rdacarrier
=500  \\$aTitle from home page (viewed on Sept. 22, 2011).
=506  \\$aData are free to access.
=516  \\$atext/html.
=520  \\$aOnline access to maps, plans and other data of the Senate Department for Urban Development. Spatial selection via address search or with regard to contents via keywords is possible. A viewer shows maps and factual data.
=538  \\$aMode of access: World Wide Web.
=540  \\$aPublishers copyright.
=546  \\$aIn English and German.
=584  \\$aData is collected by the Berlin Department for Urban Development.
=584  \\$aAccepting data submissions: No.
=650  \0$aGeodatabases$zBerlin$zGermany.
=650  \0$aGeographic information systems$zBerlin$zGermany.
=651  \0$aBerlin (Germany)$zThematic maps.
=653  2\$aLiving With Environmental Change
=655  \7$aDataset.$2local
=655  \7$aReference data.$2local
=655  \7$aMonitoring data.$2local
=690  7\$aResearch Datasets Collection$2blcoll
=710  1\$aBerlin (Germany).$bSenatsverwaltung für Stadtentwicklung.
=856  40$uhttp://www.stadtentwicklung.berlin.de/geoinformation/fis-broker/index_en.shtml$yResearch Datasets Collection
=859  \\$aXLD$bdatasets
=CAT  \\$aRESDATASET$b00$c20110825$lBLL01$h1145
=CAT  \\$a7332$b40$c20110922$lBLL01$h1323
=CAT  \\$a7332$b40$c20111020$lBLL01$h1137
=CAT  \\$aBATCH-UPD$b40$c20120821$lBLL01$h1643
=CAT  \\$aBATCH-UPD$b40$c20121018$lBLL01$h1009
=CAT  \\$aWR13.117$c20130718$lBLL01$h1857
=CAT  \\$aW1606-1753$c20171028$lBLL01$h1342
=FIN  \\$aY$d20110922
=FMT  \\$a  SE
=LAS  \\$aW1606-1753$b00$c20171028$lBLL01$h1342
=SRC  \\$aBLDatasets$bstm_datasets_20110825_mrc.xml
=TCO  \\$aZZZ$c008

