=LDR  01992 ai a2200589 a 4500
=001  015876998
=003  Uk
=005  20120209152025.0
=006  m\\\\\\\\m\|\\\\\\
=007  cr\|||||||||||
=008  110825c200u9999xxuuu\d\o\\\\\0\\\a2eng\\
=024  7\$astm20110729d$2local
=040  \\$aUk$beng$cUk
=042  \\$aukblsr
=082  04$a551.57846$223
=245  00$aRutgers University global snow lab$h[electronic resource].
=246  3\$aGlobal snow lab
=246  3\$aGSL
=246  3\$aRutgers global snow lab
=260  \\$a[New Brunswick] :$bRutgers University
=336  \\$atext$2rdacontent
=337  \\$acomputer$2rdamedia
=338  \\$aonline resource$2rdacarrier
=500  \\$aTitle from home page (viewed on Feb. 9, 2012).
=506  \\$aData are free to access.
=538  \\$aMode of access: World Wide Web.
=540  \\$aNot stated.
=584  \\$aData are collated at the Rutgers University Global Snow Lab.
=584  \\$aAccepting data submissions: No.
=650  \0$aSnow$xMeasurement$vDatabases.
=650  \0$aSnow surveys$vDatabases.
=650  \0$aSnow$xObservations$vDatabases.
=653  2\$aLiving With Environmental Change
=655  \7$aDataset.$2local
=655  \7$aLongitudinal data.$2local
=655  \7$aObservational data.$2local
=655  \7$aReference data.$2local
=690  7\$aResearch Datasets Collection$2blcoll
=710  2\$aRutgers University.
=856  40$uhttp://climate.rutgers.edu/snowcover/$yResearch Datasets Collection
=859  \\$aXLD$bdatasets
=CAT  \\$aRESDATASET$b00$c20110825$lBLL01$h1145
=CAT  \\$a7332$b40$c20120209$lBLL01$h1520
=CAT  \\$aBATCH-UPD$b40$c20120821$lBLL01$h1643
=CAT  \\$aBATCH-UPD$b40$c20121018$lBLL01$h1010
=CAT  \\$aWR13.117$c20130718$lBLL01$h1857
=CAT  \\$aW1606-1753$c20171028$lBLL01$h1342
=FIN  \\$aY$d20120209
=FMT  \\$a  SE
=LAS  \\$aW1606-1753$b00$c20171028$lBLL01$h1342
=SRC  \\$aBLDatasets$bstm_datasets_20110825_mrc.xml
=TCO  \\$aZZZ$c008

