=LDR  02507 ai a2200613 a 4500
=001  015876999
=003  Uk
=005  20130930080818.0
=006  m\\\\\\\\m\|\\\\\\
=007  cr\|||||||||||
=008  110825c200u9999xxuuu\d\o\\\\\0\\\a2eng\\
=024  7\$astm20110729e$2local
=040  \\$aUk$beng$cUk$dUk
=042  \\$aukblsr
=082  04$a551.632$223
=245  00$aLong-term daily and monthly climate records from stations across the contiguous United States$h[electronic resource].
=260  \\$aOak Ridge :$bOak Ridge National Laboratory
=336  \\$atext$2rdacontent
=337  \\$acomputer$2rdamedia
=338  \\$aonline resource$2rdacarrier
=500  \\$aTitle from home page (viewed on Feb. 9, 2012).
=506  \\$aData are free to access.
=516  \\$atext/plain.
=520  \\$aData includes daily observations and monthly means, maxima and minima for temperature and precipitation amount. Daily data includes snowfall amount and depth. These can be downloaded via FTP or a web interface is provided to query and plot data, or access data on a station-by-station basis.
=538  \\$aMode of access: World Wide Web.
=540  \\$aNot stated.
=584  \\$aAccepting data submissions: No.
=650  \0$aMeteorology$zUnited States$vObservations$vDatabases.
=655  \7$aDataset.$2local
=655  \7$aObservational data.$2local
=655  \7$aLongitudinal data.$2local
=655  \7$aReference data.$2local
=690  7\$aResearch Datasets Collection$2blcoll
=700  1\$aMenne, M. J.
=700  1\$aWilliams, C. N.,$cJr.
=700  1\$aVose, R. S.
=710  2\$aUnited States Historical Climatology Network.
=710  2\$aOak Ridge National Laboratory.$bEnvironmental Sciences Division.
=710  2\$aCarbon Dioxide Information Analysis Center (U.S.)
=856  40$uhttp://cdiac.ornl.gov/epubs/ndp/ushcn/access.html$yResearch Datasets Collection
=859  \\$aXLD$bdatasets
=CAT  \\$aRESDATASET$b00$c20110825$lBLL01$h1145
=CAT  \\$a7332$b40$c20120209$lBLL01$h1620
=CAT  \\$a7332$b40$c20120306$lBLL01$h1428
=CAT  \\$a7332$b40$c20120726$lBLL01$h0833
=CAT  \\$aBATCH-UPD$b40$c20120821$lBLL01$h1643
=CAT  \\$aBATCH-UPD$b40$c20121018$lBLL01$h1010
=CAT  \\$aWR13.117$c20130718$lBLL01$h1857
=CAT  \\$a7332$b40$c20130930$lBLL01$h0808
=CAT  \\$aW1606-1753$c20171028$lBLL01$h1342
=FMT  \\$a  SE
=LAS  \\$aW1606-1753$b00$c20171028$lBLL01$h1342
=SRC  \\$aBLDatasets$bstm_datasets_20110825_mrc.xml
=TCO  \\$aZZZ$c008

