=LDR  02942 ai a2200601 a 4500
=001  015877000
=003  Uk
=005  20110916141106.0
=006  m\\\\\\\\m\|\\\\\\
=007  cr\|||||||||||
=008  110825c200u9999xxuuu\d\o\\\\\0\\\a2eng\\
=024  7\$astm20110729f$2local
=040  \\$aUk$beng$cUk
=042  \\$aukblsr
=082  04$a551.51420287$223
=245  00$aStratosphere$h[electronic resource] :$bglobal temperature time series.
=246  3\$aGlobal temperature time series
=260  \\$aCamp Springs :$bClimate Prediction Center
=336  \\$atext$2rdacontent
=337  \\$acomputer$2rdamedia
=338  \\$aonline resource$2rdacarrier
=500  \\$aTitle from home page (viewed on Sept. 16, 2011).
=506  \\$aData are free to access.
=516  \\$aimage/gif.
=520  \\$aThe CPC global temperature analyses are derived each day at 8 stratospheric levels, 70. 50, 30, 10, 5. 2. 1. and 0.4 hPa (approximately 18-55 km). Graphical aids for monitoring temperature anomalies in the stratosphere are shown here for 70 hPa and 50 hPa (approx. 20 km), representative of the lower stratosphere, 30 hPa and 10 hPa (approx. 30 km) representing the middle stratosphere, and 5 hPa, 2 hPa (approx. 42 km), and 1 hPa representing the upper stratosphere. Daily temperature values averaged over each latitude region (90-60N,65-25N, 25N-25S, 25-65S, 65-90S) are shown. The values for the current year may be compared to the average values for each day and the extreme maximum and minimum values for the entire temperature analysis record from 1979 to current.
=538  \\$aMode of access: World Wide Web.
=540  \\$aNot stated.
=584  \\$aAccepting data submissions: No.
=650  \0$aUpper air temperature$vObservations$vDatabases.
=650  \0$aUpper air temperature distribution$vObservations$vDatabases.
=650  \0$aStratosphere$vObservations$vDatabases.
=653  2\$aLiving With Environmental Change
=655  \7$aDataset.$2local
=655  \7$aLongitudinal data.$2local
=655  \7$aMonitoring data.$2local
=655  \7$aReference data.$2local
=690  7\$aResearch Datasets Collection$2blcoll
=710  1\$aUnited States.$bNational Oceanic and Atmospheric Administration.
=710  1\$aUnited States.$bNational Weather Service.
=710  2\$aClimate Prediction Center (U.S.)
=856  40$uhttp://www.cpc.ncep.noaa.gov/products/stratosphere/temperature/$yResearch Datasets Collection
=859  \\$aXLD$bdatasets
=CAT  \\$aRESDATASET$b00$c20110825$lBLL01$h1145
=CAT  \\$a7332$b40$c20110916$lBLL01$h1411
=CAT  \\$aBATCH-UPD$b40$c20120821$lBLL01$h1643
=CAT  \\$aBATCH-UPD$b40$c20121018$lBLL01$h1010
=CAT  \\$aWR13.117$c20130718$lBLL01$h1857
=CAT  \\$aW1606-1753$c20171028$lBLL01$h1342
=FIN  \\$aY$d20110916
=FMT  \\$a  SE
=LAS  \\$aW1606-1753$b00$c20171028$lBLL01$h1342
=SRC  \\$aBLDatasets$bstm_datasets_20110825_mrc.xml
=TCO  \\$aZZZ$c008

