=LDR  02529 ai a2200625 a 4500
=001  015877001
=003  Uk
=005  20130927153410.0
=006  m\\\\\\\\m\|\\\\\\
=007  cr\|||||||||||
=008  110825c200u9999gw\uu\d\o\\\\\0\\\a2eng\\
=024  7\$astm20110809a$2local
=040  \\$aUk$beng$cUk$dUk
=042  \\$aukblsr
=082  04$a551.343$223
=245  00$aDaily updated AMSR-E sea ice maps$h[electronic resource].
=260  \\$bInstitute of Environmental Physics, University of Bremen
=310  \\$aData are static, no longer updated.
=336  \\$atext$2rdacontent
=337  \\$acomputer$2rdamedia
=338  \\$aonline resource$2rdacarrier
=500  \\$aTitle from home page (viewed on Sept. 21, 2011).
=506  \\$aData are free to access.
=510  3\$uhttp://dx.doi.org/10.1029/2005JC003384
=516  \\$aGeoTIFF; HDF; image/png.
=518  \\$dJune 2002 - October 2011.
=520  \\$aDaily sea ice concentration maps from 2002 to October 2011. Images and GeoTIFF files of Arctic and Antarctic sea ice back to June 2002 are available via the Data Archive links. Higher resolution views of specific regions are also available in HDF format.
=538  \\$aMode of access: World Wide Web.
=540  \\$aNot stated.
=584  \\$aData is generated at the Institute of Environmental Physics, University of Bremen.
=584  \\$aAccepting data submissions: No.
=650  \0$aSea ice$zPolar regions$vRemote-sensing maps$vDatabases.
=650  \0$aMicrowave remote sensing$xMaps.
=653  2\$aLiving With Environmental Change
=655  \7$aDataset.$2local
=655  \7$aObservational data.$2local
=655  \7$aMonitoring data.$2local
=655  \7$aReference data.$2local
=690  7\$aResearch Datasets Collection$2blcoll
=710  2\$aUniversität Bremen.$bInstitut für Umweltphysik.
=856  40$uhttp://www.iup.uni-bremen.de:8084/amsr/amsre.html$yResearch Datasets Collection
=859  \\$aXLD$bdatasets
=CAT  \\$aRESDATASET$b00$c20110825$lBLL01$h1145
=CAT  \\$a7332$b40$c20110921$lBLL01$h1610
=CAT  \\$a7332$b40$c20111111$lBLL01$h1342
=CAT  \\$aBATCH-UPD$b40$c20120821$lBLL01$h1643
=CAT  \\$aBATCH-UPD$b40$c20121018$lBLL01$h1010
=CAT  \\$aWR13.117$c20130718$lBLL01$h1857
=CAT  \\$a7332$b40$c20130927$lBLL01$h1534
=CAT  \\$aW1606-1753$c20171028$lBLL01$h1342
=FIN  \\$aY$d20110921
=FMT  \\$a  SE
=LAS  \\$aW1606-1753$b00$c20171028$lBLL01$h1342
=SRC  \\$aBLDatasets$bstm_datasets_20110825_mrc.xml
=TCO  \\$aZZZ$c008

