=LDR  02314 ai a22006255a 4500
=001  015877002
=003  Uk
=005  20120211091832.0
=006  m\\\\\\\\m\|\\\\\\
=007  cr\|||||||||||
=008  110825c200u9999xxuuu\d\o\\\\\0\\\a2eng\\
=024  7\$astm20110809b$2local
=040  \\$aUk$beng$cUk
=042  \\$aukblsr
=082  04$a551.525$223
=245  00$aRadiosonde atmospheric temperature products for assessing climate$h[electronic resource].
=246  3\$aRATPAC
=260  \\$a[Asheville] :$bNational Climactic Data Center
=336  \\$atext$2rdacontent
=337  \\$acomputer$2rdamedia
=338  \\$aonline resource$2rdacarrier
=500  \\$aTitle from home page (viewed on Feb. 11, 2012).
=506  \\$aData are free to access.
=510  3\$uhttp://dx.doi.org/10.1029/2005JD006169
=516  \\$atext/plain.
=538  \\$aMode of access: World Wide Web.
=540  \\$aNot stated.
=584  \\$aData are generated by NOAA researchers.
=584  \\$aAccepting data submissions: No.
=650  \0$aAtmospheric temperature$vObservations$vDatabases.
=650  \0$aMeteorology$vObservations$vDatabases.
=650  \0$aAtmosphere, Upper$vRadiosonde observations$vDatabases.
=653  2\$aLiving With Environmental Change
=655  \7$aDataset.$2local
=655  \7$aReference data.$2local
=655  \7$aLongitudinal data.$2local
=690  7\$aResearch Datasets Collection$2blcoll
=710  1\$aUnited States.$bNational Environmental Satellite, Data, and Information Service.
=710  2\$aNational Climatic Data Center (U.S.)
=710  2\$aAir Resources Laboratory (U.S.)
=710  2\$aGeophysical Fluid Dynamics Laboratory (U.S.)
=856  40$uhttp://www.ncdc.noaa.gov/oa/climate/ratpac/$yResearch Datasets Collection
=859  \\$aXLD$bdatasets
=CAT  \\$aRESDATASET$b00$c20110825$lBLL01$h1145
=CAT  \\$a7332$b40$c20120211$lBLL01$h0912
=CAT  \\$a7332$b40$c20120211$lBLL01$h0918
=CAT  \\$aBATCH-UPD$b40$c20120821$lBLL01$h1643
=CAT  \\$aBATCH-UPD$b40$c20121018$lBLL01$h1010
=CAT  \\$aWR13.117$c20130718$lBLL01$h1857
=CAT  \\$aW1606-1753$c20171028$lBLL01$h1342
=FIN  \\$aY$d20120211
=FMT  \\$a  SE
=LAS  \\$aW1606-1753$b00$c20171028$lBLL01$h1342
=SRC  \\$aBLDatasets$bstm_datasets_20110825_mrc.xml
=TCO  \\$aZZZ$c008

