=LDR  02290 ai a2200625 a 4500
=001  015877003
=003  Uk
=005  20120402102843.0
=006  m\\\\\\\\m\|\\\\\\
=007  cr\|||||||||||
=008  110825c200u9999at\uu\d\o\\\\\0\\\a2eng\\
=024  7\$astm20110809c$2local
=040  \\$aUk$beng$cUk
=042  \\$aukblsr
=082  04$a551.5253$223
=245  00$aIUK radiosonde analysis project$h[electronic resource].
=260  \\$aSydney :$bClimate change Researh Centre
=336  \\$atext$2rdacontent
=337  \\$acomputer$2rdamedia
=338  \\$aonline resource$2rdacarrier
=500  \\$aTitle from Web page (viewed on Mar. 22, 2012).
=506  \\$aData are free to access.
=510  3\$uhttp://dx.doi.org/10.1175/2008JCLI2320.1
=516  \\$aNetCDF.
=538  \\$aMode of access: World Wide Web.
=540  \\$aNot stated.
=584  \\$aData are generated by the IUK Radiosonde Analysis Project.
=584  \\$aAccepting data submissions: No.
=650  \0$aBoundary layer (Meteorology)$vRadiosonde observations$vDatabases.
=650  \0$aGlobal temperature changes$xObservations$vDatabases.
=650  \0$aAtmospheric temperature$xMeasurement$vDatabases.
=650  \0$aSatellite meteorology.
=653  2\$aLiving With Environmental Change
=655  \7$aDataset.$2local
=655  \7$aLongitudinal data.$2local
=655  \7$aMonitoring data.$2local
=655  \7$aReference data.$2local
=690  7\$aResearch Datasets Collection$2blcoll
=710  2\$aIUK Radiosonde Analysis Project.
=710  2\$aClimate Change Research Centre.
=856  40$uhttp://www.ccrc.unsw.edu.au/staff/profiles/sherwood/radproj/index.html$yResearch Datasets Collection
=859  \\$aXLD$bdatasets
=CAT  \\$aRESDATASET$b00$c20110825$lBLL01$h1145
=CAT  \\$a7332$b40$c20120322$lBLL01$h1000
=CAT  \\$a7332$b40$c20120402$lBLL01$h1028
=CAT  \\$aBATCH-UPD$b40$c20120821$lBLL01$h1643
=CAT  \\$aBATCH-UPD$b40$c20121018$lBLL01$h1010
=CAT  \\$aWR13.117$c20130718$lBLL01$h1857
=CAT  \\$aBATCH-UPD$b00$c20160618$lBLL01$h1721
=CAT  \\$aW1606-1753$c20171028$lBLL01$h1342
=FIN  \\$aY$d20120322
=FMT  \\$a  SE
=LAS  \\$aW1606-1753$b00$c20171028$lBLL01$h1342
=SRC  \\$aBLDatasets$bstm_datasets_20110825_mrc.xml
=TCO  \\$aZZZ$c008

