=LDR  02780 ai a2200661 a 4500
=001  015877004
=003  Uk
=005  20140115104949.0
=006  m\\\\\\\\m\|\\\\\\
=007  cr\|||||||||||
=008  110825c200u9999xxuuu\d\o\\\\\0\\\a2eng\\
=024  7\$astm20110809d$2local
=024  7\$a10.3334/CDIAC/cli.004$2doi
=040  \\$aUk$beng$cUk$dUk
=042  \\$aukblsr
=082  04$a551.5254$223
=245  00$aTropospheric and Lower Stratospheric Temperature Anomalies Based on Global Radiosonde Network Data.
=247  00$aRadiosonde temperature anomalies in the troposphere and lower stratosphere for the globe, hemispheres, and latitude zones$fFebruary 11, 2012
=264  \1$aOak Ridge :$bCarbon Dioxide Information Analysis Center.
=336  \\$atext$2rdacontent
=337  \\$acomputer$2rdamedia
=338  \\$aonline resource$2rdacarrier
=500  \\$aTitle from home page (viewed on January 15, 2014).
=506  \\$aData are free to access.
=516  \\$aASCII.
=518  \\$dJanuary, 1958 - September, 2005.
=520  \\$aData are based on Comprehensive Aerological Reference Data Set (CARDS) (Eskridge et al. 1995) as well as the AEROSTAB data (uper-air observations obtained through communication channels). Only the observed temperature data that were flagged by CQC as correct were used for calculations.
=538  \\$aMode of access: World Wide Web.
=540  \\$aNot stated.
=584  \\$aAccepting data submissions: No.
=650  \0$aTropospheric thermodynamics$vObservations$vDatabases.
=650  \0$aStratosphere$vObservations$vDatabases.
=650  \0$aAtmospheric temperature$vObservations$vDatabases.
=650  \0$aMeteorology$vObservations$vDatabases.
=653  2\$aLiving With Environmental Change
=655  \7$aDataset.$2local
=655  \7$aObservational data.$2local
=655  \7$aMonitoring data.$2local
=655  \7$aReference data.$2local
=690  7\$aResearch Datasets Collection$2blcoll
=700  1\$aSterin, A. M.
=710  2\$aCarbon Dioxide Information Analysis Center (U.S.)
=856  40$uhttp://dx.doi.org/10.3334/CDIAC/cli.004$yResearch Datasets Collection
=859  \\$aXLD$bdatasets
=CAT  \\$aRESDATASET$b00$c20110825$lBLL01$h1145
=CAT  \\$a7332$b40$c20120211$lBLL01$h0947
=CAT  \\$a7332$b40$c20120228$lBLL01$h1520
=CAT  \\$aBATCH-UPD$b40$c20120821$lBLL01$h1643
=CAT  \\$aBATCH-UPD$b40$c20121018$lBLL01$h1010
=CAT  \\$aWR13.117$c20130718$lBLL01$h1857
=CAT  \\$a7332$b40$c20140115$lBLL01$h1046
=CAT  \\$a7332$b40$c20140115$lBLL01$h1049
=CAT  \\$aW1606-1753$c20171028$lBLL01$h1342
=FIN  \\$aY$d20120211
=FMT  \\$a  SE
=LAS  \\$aW1606-1753$b00$c20171028$lBLL01$h1342
=SRC  \\$aBLDatasets$bstm_datasets_20110825_mrc.xml
=TCO  \\$aZZZ$c008

