=LDR  02432 ai a2200637 a 4500
=001  015877006
=003  Uk
=005  20141003095504.0
=006  m\\\\\\\\m\|\\\\\\
=007  cr\|||||||||||
=008  110825c20039999xxcuu\d\o\s\\\0\\\a2eng\\
=024  7\$astm20110809j$2local
=040  \\$aUk$beng$cUk$dUk
=042  \\$aukblsr
=082  04$a551.480971$223
=245  00$aWater level and streamflow statistics$h[electronic resource].
=260  \\$aOttawa :$bWater Survey of Canada,$c2003-
=336  \\$atext$2rdacontent
=337  \\$acomputer$2rdamedia
=338  \\$aonline resource$2rdacarrier
=500  \\$aTitle from web page (viewed on Sept. 9, 2011).
=506  \\$aData are free to access.
=520  \\$aCompute statistics for hydrometric stations of interest.
=520  \\$aWater level and streamflow data from Canadian hydrometric stations. Search for a station of interest by name, location or data coverage.
=538  \\$aMode of access: World Wide Web.
=540  \\$aNot stated.
=584  \\$aData are collected by Environment Canada.
=584  \\$aAccepting data submissions: No.
=650  \0$aHydrology$zCanada$vStatistics$vDatabases.
=650  \0$aWater levels$zCanada$vStatistics$vDatabases.
=650  \0$aStream measurements$zCanada$vStatistics$vDatabases.
=653  2\$aLiving With Environmental Change
=655  \7$aDataset.$2local
=655  \7$aObservational data.$2local
=655  \7$aMonitoring data.$2local
=655  \7$aReference data.$2local
=690  7\$aResearch Datasets Collection$2blcoll
=710  1\$aCanada.$bEnvironment Canada.
=710  2\$aWater Survey of Canada.
=856  40$uhttp://wateroffice.ec.gc.ca/search/search_e.html?sType=stat$yResearch Datasets Collection
=859  \\$aXLD$bdatasets
=CAT  \\$aRESDATASET$b00$c20110825$lBLL01$h1145
=CAT  \\$a7332$b40$c20110909$lBLL01$h1637
=CAT  \\$a7332$b40$c20110909$lBLL01$h1639
=CAT  \\$a7332$b40$c20110920$lBLL01$h0749
=CAT  \\$aBATCH-UPD$b40$c20120821$lBLL01$h1643
=CAT  \\$aBATCH-UPD$b40$c20121018$lBLL01$h1009
=CAT  \\$aWR13.117$c20130718$lBLL01$h1857
=CAT  \\$a7332$b40$c20131002$lBLL01$h0824
=CAT  \\$a7332$b40$c20141003$lBLL01$h0955
=CAT  \\$aW1606-1753$c20171028$lBLL01$h1342
=FIN  \\$aY$d20110909
=FMT  \\$a  SE
=LAS  \\$aW1606-1753$b00$c20171028$lBLL01$h1342
=SRC  \\$aBLDatasets$bstm_datasets_20110825_mrc.xml
=TCO  \\$aZZZ$c008

