=LDR  02302 ai a2200601 a 4500
=001  015877007
=003  Uk
=005  20110921084514.0
=006  m\\\\\\\\m\|\\\\\\
=007  cr\|||||||||||
=008  110825c200u9999xxcuu\d\o\\\\\0\\\a2eng\\
=024  7\$astm20110809k$2local
=040  \\$aUk$beng$cUk
=041  0\$aeng$afre
=042  \\$aukblsr
=082  04$a551.4830971$223
=245  00$aReal-time hydrometric data$h[electronic resource].
=260  \\$aOttawa :$bEnvironment Canada
=336  \\$atext$2rdacontent
=337  \\$acomputer$2rdamedia
=338  \\$aonline resource$2rdacarrier
=500  \\$aTitle from home page (viewed on Sept. 21, 2011).
=506  \\$aData are free to access.
=516  \\$atext/html.
=520  \\$aReal-time water level and streamflow data for Canadian hydrometric stations. Stations can be selected from a Google map interface or selected by province or river basin. Also includes historical data, date ranges can be selected for each station and data can be displayed as a graph or tabular data.
=538  \\$aMode of access: World Wide Web.
=540  \\$aNot stated.
=546  \\$aText in English and French.
=584  \\$aData are collected by Environment Canada.
=584  \\$aAccepting data submissions: No.
=650  \0$aHydraulic measurements$zCanada$vDatabases.
=650  \0$aReal-time data processing.
=653  2\$aLiving With Environmental Change
=655  \7$aDataset.$2local
=655  \7$aObservational data.$2local
=655  \7$aMonitoring data.$2local
=655  \7$aReference data.$2local
=690  7\$aResearch Datasets Collection$2blcoll
=710  1\$aCanada.$bEnvironment Canada.
=710  2\$aWater Survey of Canada.
=856  40$uhttp://www.wateroffice.ec.gc.ca/index_e.html$yResearch Datasets Collection
=859  \\$aXLD$bdatasets
=CAT  \\$aRESDATASET$b00$c20110825$lBLL01$h1145
=CAT  \\$a7332$b40$c20110921$lBLL01$h0845
=CAT  \\$aBATCH-UPD$b40$c20120821$lBLL01$h1643
=CAT  \\$aBATCH-UPD$b40$c20121018$lBLL01$h1009
=CAT  \\$aWR13.117$c20130718$lBLL01$h1857
=CAT  \\$aW1606-1753$c20171028$lBLL01$h1342
=FIN  \\$aY$d20110921
=FMT  \\$a  SE
=LAS  \\$aW1606-1753$b00$c20171028$lBLL01$h1342
=SRC  \\$aBLDatasets$bstm_datasets_20110825_mrc.xml
=TCO  \\$aZZZ$c008

