=LDR  02074 ai a22005775a 4500
=001  015877009
=003  Uk
=005  20120221104536.0
=006  m\\\\\\\\m\|\\\\\\
=007  cr\|||||||||||
=008  110825c200u9999xxuuu\d\o\\\\\0\\\a2eng\\
=024  7\$astm20110809f$2local
=040  \\$aUk$beng$cUk
=042  \\$aukblsr
=082  04$a551.312$223
=245  00$aGLIMS glacier database$h[electronic resource].
=246  0\$aGLIMS Glacier Database
=260  \\$aBoulder :$bNational Snow and Ice Data Center
=336  \\$atext$2rdacontent
=337  \\$acomputer$2rdamedia
=338  \\$aonline resource$2rdacarrier
=500  \\$aTitle from home page (viewed on Feb. 10, 2012).
=506  \\$aData are free to access.
=516  \\$aESRI Shapefile; MapInfo Table Format; GML (text/xml); application/vnd.google-earth.kml+xml; GMT (Generic Mapping Tools).
=538  \\$aMode of access: World Wide Web.
=540  \\$aNot stated.
=584  \\$aData is submitted by regional centres for the GLIMS project.
=584  \\$aAccepting data submissions: No.
=650  \0$aGlaciers$vDatabases.
=653  2\$aLiving With Environmental Change
=655  \7$aDataset.$2local
=655  \7$aReference data.$2local
=655  \7$aMonitoring data.$2local
=690  7\$aResearch Datasets Collection$2blcoll
=710  2\$aNational Snow and Ice Data Center (U.S.)
=710  2\$aGLIMS.
=856  40$uhttp://glims.colorado.edu/glacierdata/$yResearch Datasets Collection
=859  \\$aXLD$bdatasets
=CAT  \\$aRESDATASET$b00$c20110825$lBLL01$h1145
=CAT  \\$a7332$b40$c20120210$lBLL01$h1531
=CAT  \\$a7332$b40$c20120221$lBLL01$h1045
=CAT  \\$aBATCH-UPD$b40$c20120821$lBLL01$h1643
=CAT  \\$aBATCH-UPD$b40$c20121018$lBLL01$h1010
=CAT  \\$aWR13.117$c20130718$lBLL01$h1857
=CAT  \\$aBATCH-UPD$b00$c20160924$lBLL01$h0301
=CAT  \\$aW1606-1753$c20171028$lBLL01$h1342
=FIN  \\$aY$d20120210
=FMT  \\$a  SE
=LAS  \\$aW1606-1753$b00$c20171028$lBLL01$h1342
=SRC  \\$aBLDatasets$bstm_datasets_20110825_mrc.xml
=TCO  \\$aZZZ$c008

