=LDR  02123 ai a2200565 a 4500
=001  015877010
=003  Uk
=005  20120210133751.0
=006  m\\\\\\\\m\|\\\\\\
=007  cr\|||||||||||
=008  110825c20079999xxuuu\d\o\\\\\0\\\a2eng\\
=024  7\$astm20110809g$2local
=040  \\$aUk$beng$cUk
=042  \\$aukblsr
=082  04$a363.73874$223
=245  00$aCARMA$h[electronic resource].
=246  3\$aCarbon monitoring for action
=260  \\$aWashington DC :$bCenter for Global Development,$c2007-
=336  \\$atext$2rdacontent
=337  \\$acomputer$2rdamedia
=338  \\$aonline resource$2rdacarrier
=500  \\$aTitle from home page (viewed on Feb. 10, 2012).
=506  \\$aData are free to access.
=516  \\$atext/csv; text/xml; application/vnd.google-earth.kml+xml.
=520  \\$aCARMA reveals the carbon emissions of more than 50,000 power plants and 4,000 power companies in every country on Earth.
=538  \\$aMode of access: World Wide Web.
=540  \\$aNot stated.
=584  \\$aData are colalted by Confronting Climate Change Initiative at the Center for Global Development.
=584  \\$aAccepting data submissions: No.
=650  \0$aCarbon dioxide$xEnvironmental aspects$vDatabases.
=650  \0$aPower-plants$xEnvironmental aspects$vDatabases.
=653  2\$aLiving With Environmental Change
=655  \7$aDataset.$2local
=655  \7$aReference data.$2local
=655  \7$aMonitoring data.$2local
=690  7\$aResearch Datasets Collection$2blcoll
=710  2\$aCenter for Global Development.
=856  40$uhttp://carma.org/$yResearch Datasets Collection
=859  \\$aXLD$bdatasets
=CAT  \\$aRESDATASET$b00$c20110825$lBLL01$h1145
=CAT  \\$a7332$b40$c20120210$lBLL01$h1337
=CAT  \\$aBATCH-UPD$b40$c20120821$lBLL01$h1643
=CAT  \\$aBATCH-UPD$b40$c20121018$lBLL01$h1009
=CAT  \\$aWR13.117$c20130718$lBLL01$h1857
=CAT  \\$aW1606-1753$c20171028$lBLL01$h1342
=FIN  \\$aY$d20120210
=FMT  \\$a  SE
=LAS  \\$aW1606-1753$b00$c20171028$lBLL01$h1342
=SRC  \\$aBLDatasets$bstm_datasets_20110825_mrc.xml
=TCO  \\$aZZZ$c008

