=LDR  02141 as a2200529 a 4500
=001  016070072
=003  Uk
=005  20120419125213.0
=006  m\\\\\\\\m\|\\\\\\
=007  cr\|||||||||||
=008  120419c200u9999xxumr\d\o\s\\\0\\\a2eng\\
=FMT  \\$a  SE
=024  7\$astm20100126b$2local
=040  \\$aUk$beng$cUk
=042  \\$aukblsr
=082  04$a333.7909731$223
=130  0\$aMonthly energy review (Online)
=245  10$aMonthly energy review$h[electronic resource].
=260  \\$aWashington, D.C. :$bU.S. Dept. of Energy, Energy Information Administration
=310  \\$aMonthly
=336  \\$atext$2rdacontent
=337  \\$acomputer$2rdamedia
=338  \\$aonline resource$2rdacarrier
=538  \\$aMode of access: World Wide Web.
=500  \\$aTitle from Web page (viewed on Apr. 19, 2012).
=516  \\$aapplication/msexcel; application/pdf; text.csv
=520  \\$aEach month the most recent statistics and reports on renewable and nuclear energy and fossil fuel sources in the U.S. are made available: from production, to import, trade, storage, prices, consumption and emissions.
=506  \\$aData are free to access.
=540  \\$aPublic Domain.
=584  \\$aData are collected by the U.S. Energy Information Administration.
=584  \\$aAccepting data submissions: no.
=650  \0$aPetroleum industry and trade$zUnited States$vStatistics$vDatabases.
=650  \0$aPower resources$zUnited States$vStatistics$vDatabases.
=653  2\$aLiving With Environmental Change
=655  \7$aDataset.$2local
=655  \7$aMonitoring data.$2local
=690  7\$aResearch Datasets Collection.$2blcoll
=710  1\$aUnited States.$bEnergy Information Administration.
=856  40$uhttp://www.eia.gov/totalenergy/data/monthly/$yResearch Datasets Collection
=859  \\$aXLD$bdatasets
=CAT  \\$a7332$b40$c20120419$lBLL01$h1252
=CAT  \\$aBATCH-UPD$b40$c20120821$lBLL01$h1643
=CAT  \\$aBATCH-UPD$b40$c20121018$lBLL01$h1010
=CAT  \\$aWR13.117$c20130718$lBLL01$h1857
=CAT  \\$aW1606-1753$c20171028$lBLL01$h1342
=FIN  \\$aY$d20120419
=LAS  \\$aW1606-1753$b00$c20171028$lBLL01$h1342

