=LDR  02305 ai a2200601 a 4500
=001  016217910
=003  Uk
=005  20130530080504.0
=006  m\\\\\\\\m\|\\\\\\
=007  cr\|||||||||||
=008  121126c200u9999xxumr\d\o\\\\\0\\\a2eng\\
=FMT  \\$a  SE
=024  7\$astm20120703g$2local
=040  \\$aUk$beng$cUk
=042  \\$aukblsr
=082  04$a633.15233$223
=245  00$aMaizeGDB$h[electronic resource].
=246  3\$aMaizeGDB
=260  \\$a[United States] :$bMaizeGDB.
=310  \\$aMonthly
=336  \\$atext$2rdacontent
=337  \\$acomputer$2rdamedia
=338  \\$aonline resource$2rdacarrier
=538  \\$aMode of access: World Wide Web.
=500  \\$aTitle from home page (viewed on Dec. 4, 2012); last updated Nov. 29, 2012.
=506  \\$aData are free to access.
=510  3\$uhttp://dx.doi.org/10.1104/pp.104.059196
=520  \\$aA comprehensive resource on the maize genome, including: genome sequences, genetic maps, cytogenetics and functional analysis such as metabolic pathways and mutant phenotypes. Data can be queried by BLAST and assembly look-up. Data can also be bulk-downloaded.
=540  \\$aNot stated.
=584  \\$aData are created by various maize-related research projects and collated by the MaizeGDB team.
=584  \\$aAccepting data submissions: Yes.
=650  \0$aCorn$xGenetics$vDatabases.
=650  \0$aPlant genomes$vDatabases.
=650  \0$aGene mapping$vDatabases.
=653  2\$aFood security
=655  \7$aDataset.$2local
=655  \7$aExperimental data.$2local
=690  7\$aResearch Datasets Collection$2blcoll
=856  4\$uhttp://www.maizegdb.org/$yResearch Datasets Collection
=859  \\$aXLD$bdatasets
=CAT  \\$aRESDATASET$b00$c20121126$lBLL01$h1531
=CAT  \\$a7332$b40$c20121204$lBLL01$h1059
=CAT  \\$a7332$b40$c20121205$lBLL01$h0820
=CAT  \\$a7332$b40$c20121205$lBLL01$h1048
=CAT  \\$a7332$b40$c20121205$lBLL01$h1106
=CAT  \\$a7332$b40$c20121205$lBLL01$h1124
=CAT  \\$a7332$b40$c20121206$lBLL01$h1059
=CAT  \\$a7332$b40$c20130530$lBLL01$h0805
=CAT  \\$aWR13.117$c20130718$lBLL01$h1857
=CAT  \\$aW1606-1753$c20171028$lBLL01$h1342
=FIN  \\$aY$d20121204
=SRC  \\$aBLDatasets$bstm_datasets_20121121.xml
=LAS  \\$aW1606-1753$b00$c20171028$lBLL01$h1342

