=LDR  02239 ai a2200565 a 4500
=001  016217911
=003  Uk
=005  20121205104815.0
=006  m\\\\\\\\m\|\\\\\\
=007  cr\|||||||||||
=008  121126c200u9999stkuu\d\o\\\\\0\\\a2eng\\
=FMT  \\$a  SE
=024  7\$astm20120629d$2local
=040  \\$aUk$beng$cUk
=042  \\$aukblsr
=082  04$a636.0821$223
=245  00$aArkDB$h[electronic resource].
=260  \\$aEdinburgh :$bRoslin Institute.
=336  \\$atext$2rdacontent
=337  \\$acomputer$2rdamedia
=338  \\$aonline resource$2rdacarrier
=538  \\$aMode of access: World Wide Web.
=500  \\$aTitle from home page (viewed on Dec. 4, 2012).
=506  \\$aData are free to access.
=520  \\$aGenomic mapping data for farmed and domesticated species. Species covered are: the cat (Felis cattus), chicken (Gallus gallus), cow (Bos taurus), red deer (Cervus elaphus), mallard duck (Anas platyrhynchos), horse (Equus caballus), pig (Sus scrofa), quail (Coturnix japonica), salmon (Salmo salar), sea bass (Dicentrarchus labrax), sheep (Ovis aries) and turkey (Meleagris gallopavo).
=540  \\$aNot stated.
=584  \\$aData are created and collected by the Roslin Institute.
=584  \\$aAccepting data submissions: No.
=650  \0$aLivestock$xGenetics$vDatabases.
=650  \0$aDomestic animals$xGenetics$vDatabases.
=650  \0$aAnimal genome mapping.
=650  \0$aGene mapping$vDatabases.
=653  2\$aFood security
=655  \7$aDataset.$2local
=655  \7$aExperimental data.$2local
=655  \7$aReference data.$2local
=690  7\$aResearch Datasets Collection$2blcoll
=710  2\$aRoslin Institute.
=856  4\$uhttp://www.thearkdb.org$yResearch Datasets Collection
=859  \\$aXLD$bdatasets
=CAT  \\$aRESDATASET$b00$c20121126$lBLL01$h1531
=CAT  \\$a7332$b40$c20121204$lBLL01$h1254
=CAT  \\$a7332$b40$c20121204$lBLL01$h1306
=CAT  \\$a7332$b40$c20121205$lBLL01$h0821
=CAT  \\$a7332$b40$c20121205$lBLL01$h1048
=CAT  \\$aWR13.117$c20130718$lBLL01$h1857
=CAT  \\$aW1606-1753$c20171028$lBLL01$h1342
=FIN  \\$aY$d20121204
=SRC  \\$aBLDatasets$bstm_datasets_20121121.xml
=LAS  \\$aW1606-1753$b00$c20171028$lBLL01$h1342

