=LDR  02190 ai a2200577 a 4500
=001  016217912
=003  Uk
=005  20130530080714.0
=006  m\\\\\\\\m\|\\\\\\
=007  cr\|||||||||||
=008  121126c200u9999stkuu\d\o\\\\\0\\\a2eng\\
=FMT  \\$a  SE
=024  7\$astm20120629e$2local
=040  \\$aUk$beng$cUk
=042  \\$aukblsr
=082  04$a633.16233$223
=245  00$aBarley SNP database$h[electronic resource].
=260  \\$a[Invergowrie] :$bJames Hutton Institute Plant Bioinformatics Group.
=336  \\$atext$2rdacontent
=337  \\$acomputer$2rdamedia
=338  \\$aonline resource$2rdacarrier
=538  \\$aMode of access: World Wide Web.
=588  \\$aDescription based on: v.2.0; title from home page (viewed on Dec. 4, 2012).
=506  \\$aData are free to access.
=510  3\$uhttp://dx.doi.org/10.1007/s00438-005-0046-z
=520  \\$aThe database provides single nucleotide polymorphism (SNP) linkage maps and sequence data for barley. Sequences can be searched by BLAST or keyword.
=540  \\$aNot stated.
=584  \\$aData are created by the James Hutton Institute Plant Bioinformatics Group.
=584  \\$aAccepting data submissions: No.
=650  \0$aBarley$xGenetics$vDatabases.
=650  \0$aNucleotide sequence$vDatabases.
=653  2\$aFood security
=655  \7$aDataset.$2local
=655  \7$aExperimental data.$2local
=655  \7$aReference data.$2local
=690  7\$aResearch Datasets Collection$2blcoll
=710  2\$aJames Hutton Institute.
=856  4\$uhttp://bioinf.scri.ac.uk/barley_snpdb/$yResearch Datasets Collection
=859  \\$aXLD$bdatasets
=CAT  \\$aRESDATASET$b00$c20121126$lBLL01$h1531
=CAT  \\$a7332$b40$c20121204$lBLL01$h1419
=CAT  \\$a7332$b40$c20121205$lBLL01$h0810
=CAT  \\$a7332$b40$c20121205$lBLL01$h1048
=CAT  \\$a7332$b40$c20121205$lBLL01$h1110
=CAT  \\$a7332$b40$c20121206$lBLL01$h1249
=CAT  \\$a7332$b40$c20130530$lBLL01$h0807
=CAT  \\$aWR13.117$c20130718$lBLL01$h1857
=CAT  \\$aW1606-1753$c20171028$lBLL01$h1342
=FIN  \\$aY$d20121204
=SRC  \\$aBLDatasets$bstm_datasets_20121121.xml
=LAS  \\$aW1606-1753$b00$c20171028$lBLL01$h1342

