=LDR  02192 ai a2200601 a 4500
=001  016217913
=003  Uk
=005  20121205104849.0
=006  m\\\\\\\\m\|\\\\\\
=007  cr\|||||||||||
=008  121126c200u9999fr\uu\d\o\\\\\0\\\a2eng\\
=FMT  \\$a  SE
=024  7\$astm20120629g$2local
=040  \\$aUk$beng$cUk
=042  \\$aukblsr
=082  04$a633.74233$223
=245  00$aCocoaGen DB$h[electronic resource].
=260  \\$a[France] :$bCIRAD.
=336  \\$atext$2rdacontent
=337  \\$acomputer$2rdamedia
=338  \\$aonline resource$2rdacarrier
=538  \\$aMode of access: World Wide Web.
=500  \\$aTitle from home page (viewed on Dec. 5, 2012).
=506  \\$aData are free to access.
=520  \\$aProvides genetic, genomic and phenotypic data on the Cocoa plant (Theobroma cacao). Data can be navigated using a genome browser, or queried by data type.
=540  \\$aNot stated.
=584  \\$aData are collected by the CocoaGenDB partners.
=584  \\$aAccepting data submissions: Yes.
=653  2\$aFood security
=655  \7$aDataset.$2local
=655  \7$aReference data.$2local
=655  \7$aExperimental data.$2local
=690  7\$aResearch Datasets Collection$2blcoll
=650  \0$aCacao$xGenetics$vDatabases.
=650  \0$aGene mapping$vDatabases.
=710  1\$aUnited States.$bDepartment of Agriculture.
=710  2\$aBiscuit Cake Chocolate & Confectionery Association.
=710  2\$aCIRAD (Organization)
=710  2\$aUniversity of Reading.$bSchool of Plants Sciences.
=856  4\$uhttp://cocoagendb.cirad.fr/$yResearch Datasets Collection
=859  \\$aXLD$bdatasets
=985  \\$a710/2 & 710/4 = new hdgs.
=985  \\$aRecord amended for WR# 13/070
=CAT  \\$aRESDATASET$b00$c20121126$lBLL01$h1531
=CAT  \\$a7332$b40$c20121205$lBLL01$h0811
=CAT  \\$a7332$b40$c20121205$lBLL01$h1048
=CAT  \\$aWR13_070$b00$c20130504$lBLL01$h0340
=CAT  \\$aWR13_070C$c20130611$lBLL01$h1859
=CAT  \\$aWR13.117$c20130718$lBLL01$h1857
=CAT  \\$aW1606-1753$c20171028$lBLL01$h1342
=FIN  \\$aY$d20121205
=SRC  \\$aBLDatasets$bstm_datasets_20121121.xml
=LAS  \\$aW1606-1753$b00$c20171028$lBLL01$h1342

