=LDR  02194 ai a2200541 a 4500
=001  016217914
=003  Uk
=005  20121205130136.0
=006  m\\\\\\\\m\|\\\\\\
=007  cr\|||||||||||
=008  121126c200u9999it\uu\d\o\\\\\0\\\a2eng\\
=FMT  \\$a  SE
=024  7\$astm20120629h$2local
=040  \\$aUk$beng$cUk
=041  0\$aeng$aspa$afre
=042  \\$aukblsr
=082  04$a636.082$223
=245  00$aDomestic animal diversity information system$h[electronic resource].
=246  3\$aDAD-IS
=260  \\$a[Rome] :$bFood and Agriculture Organization of the United Nations.
=336  \\$atext$2rdacontent
=337  \\$acomputer$2rdamedia
=338  \\$aonline resource$2rdacarrier
=538  \\$aMode of access: World Wide Web.
=500  \\$aTitle from home page (viewed on Dec. 5, 2012).
=516  \\$atext/html.
=546  \\$aInterface in English, Spanish and French.
=506  \\$aData are free to access.
=520  \\$aDatasheets on domestic animal breeds by country, including risk factor for loss of breeds nationally and globally.
=540  \\$aData may include copyrighted material and/or other proprietary information which is protected by copyright laws and regulations worldwide. The data provided in the DADIS is kept in trust for the participating countries by FAO.
=584  \\$aAccepting data submissions: No.
=650  \0$aAnimal breeds$vDatabases.
=653  2\$aFood security
=655  \7$aDataset.$2local
=655  \7$aReference data.$2local
=690  7\$aResearch Datasets Collection$2blcoll
=710  2\$aFood and Agriculture Organization of the United Nations.
=856  4\$uhttp://dad.fao.org/cgi-bin/EfabisWeb.cgi?sid=2da047ddcae33fd6661f05fa1d4172b5,reports$yResearch Datasets Collection
=859  \\$aXLD$bdatasets
=CAT  \\$aRESDATASET$b00$c20121126$lBLL01$h1531
=CAT  \\$a7332$b40$c20121205$lBLL01$h1052
=CAT  \\$a7332$b40$c20121205$lBLL01$h1133
=CAT  \\$a7332$b40$c20121205$lBLL01$h1301
=CAT  \\$aWR13.117$c20130718$lBLL01$h1857
=CAT  \\$aW1606-1753$c20171028$lBLL01$h1342
=FIN  \\$aY$d20121205
=SRC  \\$aBLDatasets$bstm_datasets_20121121.xml
=LAS  \\$aW1606-1753$b00$c20171028$lBLL01$h1342

