=LDR  02166 ai a2200553 a 4500
=001  016217915
=003  Uk
=005  20121205133212.0
=006  m\\\\\\\\m\|\\\\\\
=007  cr\|||||||||||
=008  121126c200u9999it\uu\d\o\\\\\0\\\a2eng\\
=FMT  \\$a  SE
=024  7\$astm20120703a$2local
=040  \\$aUk$beng$cUk
=042  \\$aukblsr
=082  04$a631.4$223
=245  00$aESDAC data inventory$h[electronic resource].
=260  \\$a[Ispra] :$bJoint Research Centre of the European Commission.
=336  \\$atext$2rdacontent
=337  \\$acomputer$2rdamedia
=338  \\$aonline resource$2rdacarrier
=538  \\$aMode of access: World Wide Web.
=500  \\$aTitle from HTML header (viewed on Dec. 5, 2012).
=516  \\$aapplication/vnd.google-earth.kml+xml; ASCII; ESRI shapefile.
=506  \\$aUsers must apply for access to data.
=520  \\$aSoil datasets covering Europe. Data includes information for analysing soil contamination, erosion, mapping and fertility. Some data are freely available without the need to register or apply for access.
=540  \\$aNot stated.
=584  \\$aData are generated by the European Commission and its member states.
=584  \\$aAccepting data submissions: No.
=650  \0$aSoils$zEurope$vDatabases.
=653  2\$aFood security
=655  \7$aDataset.$2local
=655  \7$aLongitudinal data.$2local
=655  \7$aReference data.$2local
=690  7\$aResearch Datasets Collection$2blcoll
=710  2\$aEuropean Commission.$bJoint Research Centre.
=710  2\$aEuropean Soil Data Center.
=773  08$iPart of Web site:$tEuropean soil portal
=856  4\$uhttp://eusoils.jrc.ec.europa.eu/library/esdac/esdac_access2.cfm$yResearch Datasets Collection
=859  \\$aXLD$bdatasets
=985  \\$a710/2 = new hdg.
=CAT  \\$aRESDATASET$b00$c20121126$lBLL01$h1531
=CAT  \\$a7332$b40$c20121205$lBLL01$h1331
=CAT  \\$a7332$b40$c20121205$lBLL01$h1332
=CAT  \\$aWR13.117$c20130718$lBLL01$h1857
=CAT  \\$aW1606-1753$c20171028$lBLL01$h1342
=FIN  \\$aY$d20121205
=SRC  \\$aBLDatasets$bstm_datasets_20121121.xml
=LAS  \\$aW1606-1753$b00$c20171028$lBLL01$h1342

