=LDR  02616 ai a2200541 a 4500
=001  016217918
=003  Uk
=005  20121206075508.0
=006  m\\\\\\\\m\|\\\\\\
=007  cr\|||||||||||
=008  121126c200u9999it\uu\d\o\\\\\0\\\a2eng\\
=FMT  \\$a  SE
=024  7\$astm20120703c$2local
=040  \\$aUk$beng$cUk
=042  \\$aukblsr
=082  04$a631.4$223
=245  00$aIntegrated plant nutrition information system$h[electronic resource].
=246  3\$aIPNIS
=260  \\$a[Rome] :$bFood and Agriculture Organization of the United Nations.
=336  \\$atext$2rdacontent
=337  \\$acomputer$2rdamedia
=338  \\$aonline resource$2rdacarrier
=538  \\$aMode of access: World Wide Web.
=500  \\$aTitle from home page (viewed on Dec. 6, 2012).
=506  \\$aData are free to access.
=520  \\$aThe Integrated Plant Nutrition Information System is a database providing information for a number of countries on crop-wise plant nutrients management at administrative (district) level, supported by relevant data on soil and soil management, agro-ecological zones, and crop production constraints. In this database application, one can find the crops grown at different locations, their yields and cropping practices. More importantly, the actual fertilization practised by the farmers along with the extension service recommendations and research findings can be found, where available. It also provides information on major constraints the farmers are reporting in growing their crops as well as the soil management practices they are following.
=540  \\$aNot stated.
=584  \\$aData are collected by administrative districts and collated by the FAO.
=584  \\$aAccepting data submissions: No.
=650  \0$aPlant nutrients$xManagement$vDatabases.
=650  \0$aSoil management$vDatabases.
=650  \0$aCrops$vDatabases.
=650  \0$aFertilizers$vDatabases.
=653  2\$aFood security
=655  \7$aDataset.$2local
=655  \7$aReference data.$2local
=690  7\$aResearch Datasets Collection$2blcoll
=710  2\$aFood and Agriculture Organization of the United Nations.
=856  4\$uhttp://www.fao.org/ag/agp/ipnis/$yResearch Datasets Collection
=859  \\$aXLD$bdatasets
=CAT  \\$aRESDATASET$b00$c20121126$lBLL01$h1531
=CAT  \\$a7332$b40$c20121206$lBLL01$h0752
=CAT  \\$a7332$b40$c20121206$lBLL01$h0755
=CAT  \\$aWR13.117$c20130718$lBLL01$h1857
=CAT  \\$aW1606-1753$c20171028$lBLL01$h1342
=FIN  \\$aY$d20121206
=SRC  \\$aBLDatasets$bstm_datasets_20121121.xml
=LAS  \\$aW1606-1753$b00$c20171028$lBLL01$h1342

