=LDR  02045 ai a2200541 a 4500
=001  016217919
=003  Uk
=005  20130228074757.0
=006  m\\\\\\\\m\|\\\\\\
=007  cr\|||||||||||
=008  121126c200u9999enkuu\d\o\\\\\0\\\a2eng\\
=FMT  \\$a  SE
=024  7\$astm20120703d$2local
=040  \\$aUk$beng$cUk$dUk
=042  \\$aukblsr
=082  04$a633.853$223
=245  00$aIntegrated marker system for oilseed rape breeding$h[electronic resource].
=246  3\$aIMSORB
=260  \\$aNorwich :$bJohn Innes Centre.
=336  \\$atext$2rdacontent
=337  \\$acomputer$2rdamedia
=338  \\$aonline resource$2rdacarrier
=538  \\$aMode of access: World Wide Web.
=500  \\$aTitle from home page (viewed on Dec. 6, 2012).
=506  \\$aData are free to access.
=510  3\$uhttp://dx.doi.org/10.1007/s00122-006-0411-2
=520  \\$aProvides sequence, phenotypic and mapping data for oilseed rape (Brassica napus) breeds. It's aim is to provide data to the community enabling it to produce cultivars that can thrive in new environments, particularly Asia.
=540  \\$aNot stated.
=584  \\$aData are collected by IMSORB partners.
=584  \\$aAccepting data submissions: No.
=650  \0$aRape (Plant)$xBreeding$vDatabases.
=650  \0$aRape (Plant)$xGenetics$vDatabases.
=653  2\$aFood security
=655  \7$aDataset.$2local
=655  \7$aExperimental data.$2local
=690  7\$aResearch Datasets Collection$2blcoll
=710  2\$aJohn Innes Centre.
=856  4\$uhttp://brassica.nbi.ac.uk/IMSORB/$yResearch Datasets Collection
=859  \\$aXLD$bdatasets
=985  \\$a856 was http://brassica.bbsrc.ac.uk/IMSORB/
=CAT  \\$aRESDATASET$b00$c20121126$lBLL01$h1531
=CAT  \\$a7332$b40$c20121206$lBLL01$h0814
=CAT  \\$a7332$b40$c20130228$lBLL01$h0747
=CAT  \\$aWR13.117$c20130718$lBLL01$h1857
=CAT  \\$aW1606-1753$c20171028$lBLL01$h1342
=FIN  \\$aY$d20121206
=SRC  \\$aBLDatasets$bstm_datasets_20121121.xml
=LAS  \\$aW1606-1753$b00$c20171028$lBLL01$h1342

