=LDR  02028 ai a2200541 a 4500
=001  016217920
=003  Uk
=005  20121206083217.0
=006  m\\\\\\\\m\|\\\\\\
=007  cr\|||||||||||
=008  121126c200u9999enkuu\d\o\\\\\0\\\a2eng\\
=FMT  \\$a  SE
=024  7\$astm20120703e$2local
=040  \\$aUk$beng$cUk
=042  \\$aukblsr
=082  04$a633.74$223
=245  00$aInternational cocoa germplasm database$h[electronic resource].
=246  3\$aICGD
=260  \\$aReading :$bUniversity of Reading.
=336  \\$atext$2rdacontent
=337  \\$acomputer$2rdamedia
=338  \\$aonline resource$2rdacarrier
=538  \\$aMode of access: World Wide Web.
=500  \\$aTitle from home page (viewed on Dec. 6, 2012).
=506  \\$aData are free to access.
=520  \\$aResource for data about cocoa plant (Theobroma cacao) clones, including their origins, characteristics and current availability. Clones can be searched by pest and disease susceptibility, yield, bean, flower and fruit morphology, and country of origin.
=540  \\$aNot stated.
=584  \\$aData are extracted from the literature and relevant reports by the ICGD team.
=584  \\$aAccepting data submissions: No.
=650  \0$aCacao$xBreeding$vDatabases.
=650  \0$aCacao$bGermplasm resources, Plant$vDatabases.
=653  2\$aFood security
=655  \7$aDataset.$2local
=655  \7$aReference data.$2local
=690  7\$aResearch Datasets Collection$2blcoll
=710  2\$aCRA Ltd.
=710  2\$aNYSE Liffe.
=710  2\$aUniversity of Reading.
=856  4\$uhttp://www.icgd.reading.ac.uk/$yResearch Datasets Collection
=859  \\$aXLD$bdatasets
=985  \\$a710/1 & 710/2 = new hdgs.
=CAT  \\$aRESDATASET$b00$c20121126$lBLL01$h1531
=CAT  \\$a7332$b40$c20121206$lBLL01$h0832
=CAT  \\$aWR13.117$c20130718$lBLL01$h1857
=CAT  \\$aW1606-1753$c20171028$lBLL01$h1342
=FIN  \\$aY$d20121206
=SRC  \\$aBLDatasets$bstm_datasets_20121121.xml
=LAS  \\$aW1606-1753$b00$c20171028$lBLL01$h1342

