=LDR  01838 ai a2200541 a 4500
=001  016217922
=003  Uk
=005  20121220082630.0
=006  m\\\\\\\\m\|\\\\\\
=007  cr\|||||||||||
=008  121126c200u9999enkuu\d\o\\\\\0\\\a2eng\\
=FMT  \\$a  SE
=024  7\$astm20120703i$2local
=040  \\$aUk$beng$cUk$dUk
=042  \\$aukblsr
=082  04$a635.656$223
=245  00$aPGene pisum gene list$h[electronic resource].
=246  3\$aPGene
=247  10$aPisum Genetics Association gene list
=260  \\$aNorwich :$bJohn Innes Centre.
=336  \\$atext$2rdacontent
=337  \\$acomputer$2rdamedia
=338  \\$aonline resource$2rdacarrier
=538  \\$aMode of access: World Wide Web.
=500  \\$aTitle from home page (viewed on Dec. 6, 2012).
=506  \\$aData are free to access.
=520  \\$aList of genes from Pisum species, searchable by class, locus, phenotype or linkage group.
=540  \\$aNot stated.
=584  \\$aAccepting data submissions: Yes.
=650  \0$aPisum$xGenetics$vDatabases.
=650  \0$aPisum$xBreeding$vDatabases.
=653  2\$aFood security
=655  \7$aDataset.$2local
=655  \7$aExperimental data.$2local
=690  7\$aResearch Datasets Collection$2blcoll
=710  2\$aJohn Innes Centre.
=710  2\$aPisum Genetics Association.
=856  4\$uhttp://data.jic.ac.uk/cgi-bin/pgene/default.asp$yResearch Datasets Collection
=859  \\$aXLD$bdatasets
=985  \\$a710/2 = new hdg.
=CAT  \\$aRESDATASET$b00$c20121126$lBLL01$h1531
=CAT  \\$a7332$b40$c20121206$lBLL01$h0948
=CAT  \\$a7332$b40$c20121220$lBLL01$h0826
=CAT  \\$aWR13.117$c20130718$lBLL01$h1857
=CAT  \\$aW1606-1753$c20171028$lBLL01$h1342
=FIN  \\$aY$d20121206
=SRC  \\$aBLDatasets$bstm_datasets_20121121.xml
=LAS  \\$aW1606-1753$b00$c20171028$lBLL01$h1342

