=LDR  02009 ai a2200493 a 4500
=001  016217923
=003  Uk
=005  20121206100038.0
=006  m\\\\\\\\m\|\\\\\\
=007  cr\|||||||||||
=008  121126c200u9999xxuuu\d\o\\\\\0\\\a2eng\\
=FMT  \\$a  SE
=024  7\$astm20120703j$2local
=040  \\$aUk$beng$cUk
=042  \\$aukblsr
=082  04$a572.862$223
=245  00$aPlantGDB$h[electronic resource].
=260  \\$a[United States] :$bPlantGDB.
=336  \\$atext$2rdacontent
=337  \\$acomputer$2rdamedia
=338  \\$aonline resource$2rdacarrier
=538  \\$aMode of access: World Wide Web.
=500  \\$aTitle from home page (viewed on Dec. 6, 2012).
=506  \\$aData are free to access.
=520  \\$aGenomics resources for 23 plant species, including 16 crop and food species: barley (Hordeum vulgare), cassava (Manihot esculenta), cucumber (Cucumis sativus), lotus (Lotus japonicus), maize (Zea mays), ,millet (Setaria italica), mustard (Brassica rapa), papaya (Carica papaya), peach (Prunus persica), potato (Solanum tuberosum), rice (Oryza sativa), sorghum (Sorghum bicolor), soybean (Glycine max), wheat (Triticum aestivum) and the wine grape (Vitis vinifera).
=540  \\$aNot stated.
=584  \\$aAccepting data submissions: No.
=650  \0$aPlant genomes$vDatabases.
=650  \0$aPlant genome mapping$vDatabases.
=653  2\$aFood security
=655  \7$aDataset.$2local
=655  \7$aExperimental data.$2local
=690  7\$aResearch Datasets Collection$2blcoll
=710  2\$aPlantGDB (Organisation)
=856  4\$uhttp://www.plantgdb.org$yResearch Datasets Collection
=859  \\$aXLD$bdatasets
=985  \\$a710 = new hdg.
=CAT  \\$aRESDATASET$b00$c20121126$lBLL01$h1531
=CAT  \\$a7332$b40$c20121206$lBLL01$h1000
=CAT  \\$aWR13.117$c20130718$lBLL01$h1857
=CAT  \\$aW1606-1753$c20171028$lBLL01$h1342
=FIN  \\$aY$d20121206
=SRC  \\$aBLDatasets$bstm_datasets_20121121.xml
=LAS  \\$aW1606-1753$b00$c20171028$lBLL01$h1342

