=LDR  02087 ai a2200505 a 4500
=001  016217924
=003  Uk
=005  20121206103827.0
=006  m\\\\\\\\m\|\\\\\\
=007  cr\|||||||||||
=008  121126c200u9999xx\uu\d\o\\\\\0\\\a2eng\\
=FMT  \\$a  SE
=024  7\$astm20121023d$2local
=040  \\$aUk$beng$cUk
=042  \\$aukblsr
=082  04$a572.8652$223
=245  00$aPLEXdb$h[electronic resource].
=246  3\$aPlant expression database
=260  \\$a[S.l.] :$bPLEXdb Group.
=336  \\$atext$2rdacontent
=337  \\$acomputer$2rdamedia
=338  \\$aonline resource$2rdacarrier
=500  \\$aTitle from home page (viewed on Dec. 6, 2012).
=506  \\$aData are free to access.
=506  \\$aRegistration is required for some of the data.
=520  \\$aGene expression microarrays for various crop (including Brassica, tomato (Solanum lycopersicum), barley (Hordeum vulgare), soybean (Glycine max), rice (Oryza sativa), maize (Zea mays) and sugarcane (Saccharum species)) and crop pathogen species. Genes are queryable by gene list or sequence BLAST. Users can upload their own data, either publicly or with restricted access. Some data tools, and data download require users to register before accessing.
=540  \\$aNot stated.
=584  \\$aAccepting data submissions: Yes.
=650  \0$aPlant gene expression$vDatabases.
=650  \0$aPlant viruses$xGenetics$vDatabases.
=650  \0$aPhytopathogenic microorganisms$xGenetics$vDatabases.
=653  2\$aFood security
=655  \7$aDataset.$2local
=655  \7$aExperimental data.$2local
=690  7\$aResearch Datasets Collection$2blcoll
=710  2\$aPLEXdb Group.
=856  4\$uhttp://www.plexdb.org/$yResearch Datasets Collection
=859  \\$aXLD$bdatasets
=CAT  \\$aRESDATASET$b00$c20121126$lBLL01$h1531
=CAT  \\$a7332$b40$c20121206$lBLL01$h1038
=CAT  \\$aWR13.117$c20130718$lBLL01$h1857
=CAT  \\$aW1606-1753$c20171028$lBLL01$h1342
=FIN  \\$aY$d20121206
=SRC  \\$aBLDatasets$bstm_datasets_20121121.xml
=LAS  \\$aW1606-1753$b00$c20171028$lBLL01$h1342

