=LDR  02065 ai a2200493 a 4500
=001  016217925
=003  Uk
=005  20121206110248.0
=006  m\\\\\\\\m\|\\\\\\
=007  cr\|||||||||||
=008  121126c200u9999xxuuu\d\o\\\\\0\\\a2eng\\
=FMT  \\$a  SE
=024  7\$astm20120705a$2local
=040  \\$aUk$beng$cUk
=042  \\$aukblsr
=082  04$a583.69$223
=245  00$aCastor bean genome database$h[electronic resource].
=260  \\$aRockville :$bJ. Craig Venter Institute.
=336  \\$atext$2rdacontent
=337  \\$acomputer$2rdamedia
=338  \\$aonline resource$2rdacarrier
=538  \\$aMode of access: World Wide Web.
=500  \\$aTitle from home page (viewed on Dec. 6, 2012).
=516  \\$aFASTA.
=506  \\$aData are free to access.
=520  \\$aCastor bean (Ricinus communis) genomic data, available to browse or search with BLAST queries. The whole genome shotgun assembly is available to download in FASTA format, as well as the gene and protein sequence. Transcript assemblies can be downloaded for R. communis, as well as for important, related Euphorbiaceae species: Cassava (Manihot esculenta), rubber tree (Hevea brasiliensis), ornamental poinsettias (Euphorbia pulcherrima), and the invasive weed leafy spurge (Euphorbia esula).
=540  \\$aNot stated.
=584  \\$aAccepting data submissions: No.
=650  \0$aCastor beans$xGenetics$vDatabases.
=650  \0$aPlant genomes$vDatabases.
=653  2\$aFood security
=655  \7$aDataset.$2local
=655  \7$aExperimental data.$2local
=690  7\$aResearch Datasets Collection$2blcoll
=710  2\$aJ. Craig Venter Institute.
=856  4\$uhttp://castorbean.tigr.org$yResearch Datasets Collection
=859  \\$aXLD$bdatasets
=CAT  \\$aRESDATASET$b00$c20121126$lBLL01$h1531
=CAT  \\$a7332$b40$c20121206$lBLL01$h1102
=CAT  \\$aWR13.117$c20130718$lBLL01$h1857
=CAT  \\$aW1606-1753$c20171028$lBLL01$h1342
=FIN  \\$aY$d20121206
=SRC  \\$aBLDatasets$bstm_datasets_20121121.xml
=LAS  \\$aW1606-1753$b00$c20171028$lBLL01$h1342

