=LDR  01938 ai a2200505 a 4500
=001  016217926
=003  Uk
=005  20121206112753.0
=006  m\\\\\\\\m\|\\\\\\
=007  cr\|||||||||||
=008  121126c200u9999fr\uu\d\o\\\\\0\\\a2eng\\
=FMT  \\$a  SE
=024  7\$astm20120705b$2local
=040  \\$aUk$beng$cUk
=042  \\$aukblsr
=082  04$a634.6$223
=245  00$aTropGeneDB$h[electronic resource].
=246  3\$aTropGENE database
=260  \\$a[France] :$bCIRAD.
=336  \\$atext$2rdacontent
=337  \\$acomputer$2rdamedia
=338  \\$aonline resource$2rdacarrier
=538  \\$aMode of access: World Wide Web.
=500  \\$aTitle from home page (viewed on Dec. 6, 2012).
=516  \\$aapplication/msexcel; text/plain.
=506  \\$aData are free to access.
=520  \\$aGenetic maps, germplasm availability, genotype and phenotype data for various tropical crops, covering: Banana (Musa species), coconut (Cocos nucifera), cocoa (Theobroma cacao), coffee (Coffea arabica), cotton (Gossypium species), oil palm (Elaeis species), rice (Oryza sativa), rubber tree (Hevea brasiliensis) and sugarcane (Saccharum species).
=540  \\$aNot stated.
=584  \\$aAccepting data submissions: No.
=650  \0$aTropical crops$xGenetics$vDatabases.
=650  \0$aPlant genomes$vDatabases.
=653  2\$aFood security
=655  \7$aDataset.$2local
=655  \7$aExperimental data.$2local
=690  7\$aResearch Datasets Collection$2blcoll
=710  2\$aCIRAD (Organization)
=856  4\$uhttp://tropgenedb.cirad.fr/$yResearch Datasets Collection
=859  \\$aXLD$bdatasets
=CAT  \\$aRESDATASET$b00$c20121126$lBLL01$h1531
=CAT  \\$a7332$b40$c20121206$lBLL01$h1127
=CAT  \\$aWR13.117$c20130718$lBLL01$h1857
=CAT  \\$aW1606-1753$c20171028$lBLL01$h1342
=FIN  \\$aY$d20121206
=SRC  \\$aBLDatasets$bstm_datasets_20121121.xml
=LAS  \\$aW1606-1753$b00$c20171028$lBLL01$h1342

