=LDR  01907 ai a2200517 a 4500
=001  016217927
=003  Uk
=005  20191004132213.0
=006  m\\\\\\\\m\|\\\\\\
=007  cr\|||||||||||
=008  121126c200u9999stkuu\d\o\\\\\0\\\a2eng\\
=FMT  \\$a  SE
=024  7\$astm20120725a$2local
=040  \\$aUk$beng$cUk
=042  \\$aukblsr
=082  04$a633.11233$223
=245  00$aInSitu$h[electronic resource].
=260  \\$a[Invergowrie] :$bJames Hutton Institute.
=336  \\$atext$2rdacontent
=337  \\$acomputer$2rdamedia
=338  \\$aonline resource$2rdacarrier
=538  \\$aMode of access: World Wide Web.
=500  \\$aTitle from home page (viewed on Dec. 6, 2012).
=516  \\$aimage/jpg.
=506  \\$aData are free to access.
=520  \\$aGene expression image data for wheat, from high-throughput in-situ hybridisation experiments. Data can be searched based on gene localisation.
=540  \\$aCreators/Contributors retain copyright.
=584  \\$aData are generated by researchers at the John Innes Centre (JIC) and Syngenta.
=584  \\$aAccepting data submissions: No.
=650  \0$aWheat$xGenetics$vDatabases.
=650  \0$aGene expression$vDatabases.
=653  2\$aFood security
=655  \7$aDataset.$2local
=655  \7$aExperimental data.$2local
=690  7\$aResearch Datasets Collection$2blcoll
=710  2\$aJames Hutton Institute.$bPlant Informatics Group.
=856  4\$uhttp://germinate.scri.ac.uk/cgi-bin/insitu/home$yResearch Datasets Collection
=859  \\$aXLD$bdatasets
=CAT  \\$aRESDATASET$b00$c20121126$lBLL01$h1531
=CAT  \\$a7332$b40$c20121206$lBLL01$h1310
=CAT  \\$aWR13.117$c20130718$lBLL01$h1857
=CAT  \\$aW1606-1753$c20171028$lBLL01$h1342
=CAT  \\$a7332$b40$c20191004$lBLL01$h1322
=FIN  \\$aY$d20121206
=SRC  \\$aBLDatasets$bstm_datasets_20121121.xml
=LAS  \\$a7332$b40$c20191004$lBLL01$h1322

