=LDR  02051 ai a2200541 a 4500
=001  016217928
=003  Uk
=005  20130927125441.0
=006  m\\\\\\\\m\|\\\\\\
=007  cr\|||||||||||
=008  121126c200u9999xxuuu\d\o\s\\\0\\\a2eng\\
=FMT  \\$a  SE
=024  7\$astm20120725b$2local
=040  \\$aUk$beng$cUk
=042  \\$aukblsr
=082  04$a338.1021$223
=245  00$aQuick stats$h[electronic resource].
=246  3\$aNASS quick stats
=260  \\$a[United States] :$bUSDA.
=336  \\$atext$2rdacontent
=337  \\$acomputer$2rdamedia
=338  \\$aonline resource$2rdacarrier
=538  \\$aMode of access: World Wide Web.
=588  \\$aDescription based on: Quick Stats 2.0; title from home page (viewed on Dec. 6, 2012).
=516  \\$atext/csv.
=520  \\$aUS agricultural statistics, covering aspects such as acreage, yield, production and prices. Data can be browsed by topic or searched by keyword.
=506  \\$aData are free to access.
=540  \\$aNot stated.
=584  \\$aData are collected by the USDA National Agricultural Statistics Service (NASS).
=584  \\$aAccepting data submissions: No.
=650  \0$aAgriculture$zUnited States$vStatistics$vDatabases.
=650  \0$aAgriculture$vStatistics$vDatabases.
=653  2\$aFood security
=655  \7$aDataset.$2local
=655  \7$aMonitoring data.$2local
=690  7\$aResearch Datasets Collection$2blcoll
=710  1\$aUnited States.$bNational Agricultural Statistics Service.
=856  4\$uhttp://www.nass.usda.gov/Data_and_Statistics/Quick_Stats/index.asp$yResearch Datasets Collection
=859  \\$aXLD$bdatasets
=CAT  \\$aRESDATASET$b00$c20121126$lBLL01$h1531
=CAT  \\$a7332$b40$c20121206$lBLL01$h1332
=CAT  \\$a7332$b40$c20121206$lBLL01$h1412
=CAT  \\$aWR13.117$c20130718$lBLL01$h1857
=CAT  \\$a7332$b40$c20130927$lBLL01$h1254
=CAT  \\$aW1606-1753$c20171028$lBLL01$h1342
=FIN  \\$aY$d20121206
=SRC  \\$aBLDatasets$bstm_datasets_20121121.xml
=LAS  \\$aW1606-1753$b00$c20171028$lBLL01$h1342

