=LDR  02437cai a2200577 a 4500
=001  016217929
=003  Uk
=005  20121206155544.0
=006  m\\\\\\\\m\|\\\\\\
=007  cr\|||||||||||
=008  121126c200u9999it\uu\d\o\s\\\0\\\a2eng\\
=FMT  \\$a  SE
=024  7\$astm20120725d$2local
=040  \\$aUk$beng$cUk
=041  0\$aeng$afre$aspa
=042  \\$aukblsr
=082  04$a338.1$223
=245  00$aFAOSTAT$h[electronic resource].
=260  \\$a[Rome] :$bFAO.
=336  \\$atext$2rdacontent
=337  \\$acomputer$2rdamedia
=338  \\$aonline resource$2rdacarrier
=538  \\$aMode of access: World Wide Web.
=500  \\$aTitle from home page (viewed on Dec. 6, 2012).
=546  \\$aInterface in English, French and Spanish.
=516  \\$aapplication/msexcel.
=506  \\$aData are free to access.
=520  \\$aCross sectional statistics from the Food and Agriculture Organisation of the United Nations. Over 200 countries are represented. As well as food resource, supply and demand statistics, information on food prices and trade, population, food security and waste are also available.
=540  \\$aData are copyrighted by the Food and Agriculture Organization of the United Nations and are provided for your internal use only. They may not be re-disseminated in any form without written permission of the FAO Statistics Division.
=584  \\$aAccepting data submissions: No.
=650  \0$aAgriculture$vStatistics$vDatabases.
=650  \0$aFood supply$xStatistics$vDatabases.
=650  \0$aPopulation$vStatistics$vDatabases.
=650  \0$aAgricultural productivity$vStatistics$vDatabases.
=653  2\$aFood security
=655  \7$aDataset.$2local
=655  \7$aLongitudinal data.$2local
=690  7\$aResearch Datasets Collection$2blcoll
=710  2\$aFood and Agriculture Organization of the United Nations.
=856  4\$uhttp://faostat3.fao.org/home/index.html$yResearch Datasets Collection
=859  \\$aXLD$bdatasets
=CAT  \\$aRESDATASET$b00$c20121126$lBLL01$h1531
=CAT  \\$a7332$b40$c20121206$lBLL01$h1412
=CAT  \\$a7332$b40$c20121206$lBLL01$h1554
=CAT  \\$a7332$b40$c20121206$lBLL01$h1555
=CAT  \\$aWR13.117$c20130718$lBLL01$h1857
=CAT  \\$aW1606-1753$c20171028$lBLL01$h1342
=CAT  \\$a5194$b40$c20220209$lBLL01$h1551
=FIN  \\$aY$d20121206
=SRC  \\$aBLDatasets$bstm_datasets_20121121.xml
=LAS  \\$a5194$b40$c20220209$lBLL01$h1551

