=LDR  02278 ai a2200565 a 4500
=001  016217930
=003  Uk
=005  20130927130524.0
=006  m\\\\\\\\m\|\\\\\\
=007  cr\|||||||||||
=008  121126c200u9999xxuuu\d\o\\\\\0\\\a2eng\\
=FMT  \\$a  SE
=024  7\$astm20100816k$2local
=040  \\$aUk$beng$cUk$dUk
=042  \\$aukblsr
=082  04$a631.4773$223
=245  00$aNCSS soil characterization database$h[electronic resource].
=246  1\$iHTML header title:$aNCSS soil characterization data
=246  3\$aNational Cooperative Soil Survey soil characterization data
=260  \\$a[United States] :$bDepartment of Agriculture.
=336  \\$atext$2rdacontent
=337  \\$acomputer$2rdamedia
=338  \\$aonline resource$2rdacarrier
=538  \\$aMode of access: World Wide Web.
=500  \\$aTitle from home page (viewed on Dec. 6, 2012).
=516  \\$atext/csv.
=520  \\$aAllows users to generate reports on soil characterization data. Data can also be downloaded in comma delimited text files for use in other applications. Data can be queried by state, county and soil series. Parameters for selected sample points can then be selected and downloaded.
=506  \\$aData are free to access.
=540  \\$aNot stated.
=584  \\$aAccepting data submissions: No.
=653  2\$aLiving With Environmental Change
=655  \7$aDataset.$2local
=655  \7$aObservational data.$2local
=690  7\$aResearch Datasets Collection$2blcoll
=650  \0$aSoils$zUnited States$vDatabases.
=710  1\$aUnited States.$bDepartment of Agriculture.
=710  2\$aNational Cooperative Soil Survey (U.S.)
=856  4\$uhttp://ncsslabdatamart.sc.egov.usda.gov/$yResearch Datasets Collection
=859  \\$aXLD$bdatasets
=985  \\$aRecord amended for WR# 13/070
=CAT  \\$aRESDATASET$b00$c20121126$lBLL01$h1531
=CAT  \\$a7332$b40$c20121206$lBLL01$h1535
=CAT  \\$a7332$b40$c20121206$lBLL01$h1536
=CAT  \\$aWR13_070$b00$c20130504$lBLL01$h0340
=CAT  \\$aWR13.117$c20130718$lBLL01$h1857
=CAT  \\$a7332$b40$c20130927$lBLL01$h1305
=CAT  \\$aW1606-1753$c20171028$lBLL01$h1342
=FIN  \\$aY$d20121206
=SRC  \\$aBLDatasets$bstm_datasets_20121121.xml
=LAS  \\$aW1606-1753$b00$c20171028$lBLL01$h1342

