=LDR  01895 ai a2200529 a 4500
=001  016217931
=003  Uk
=005  20121206164814.0
=006  m\\\\\\\\m\|\\\\\\
=007  cr\|||||||||||
=008  121126c200u9999xxuuu\d\o\\\\\0\\\a2eng\\
=FMT  \\$a  SE
=024  7\$astm20120725e$2local
=040  \\$aUk$beng$cUk
=041  0\$aeng$afre$aspa
=042  \\$aukblsr
=082  04$a631.8$223
=245  00$aFertiStat$h[electronic resource].
=246  3\$aFertilizer use statistics
=260  \\$a[Rome] :$bFAO.
=336  \\$atext$2rdacontent
=337  \\$acomputer$2rdamedia
=338  \\$aonline resource$2rdacarrier
=538  \\$aMode of access: World Wide Web.
=500  \\$aTitle from home page (viewed on Dec. 6, 2012).
=546  \\$aInterface in English, French and Spanish.
=516  \\$aapplication/msexcel.
=506  \\$aData are free to access.
=520  \\$aProvides statistics on the volumes of nitrogen, phosphorous and potassium applied to fertilize crops. These can be displayed by country, crop and year. All data can be downloaded in Excel format.
=540  \\$aNot stated.
=584  \\$aAccepting data submissions: No.
=650  \0$aFertilizers$vDatabases.
=650  \0$aCrops$vDatabases.
=653  2\$aFood security
=655  \7$aDataset.$2local
=655  \7$aStatistics.$2local
=690  7\$aResearch Datasets Collection$2blcoll
=710  2\$aFood and Agriculture Organization of the United Nations.
=856  4\$uhttp://www.fao.org/ag/agp/fertistat/index_en.htm$yResearch Datasets Collection
=859  \\$aXLD$bdatasets
=CAT  \\$aRESDATASET$b00$c20121126$lBLL01$h1531
=CAT  \\$a7332$b40$c20121206$lBLL01$h1648
=CAT  \\$aWR13.117$c20130718$lBLL01$h1857
=CAT  \\$aW1606-1753$c20171028$lBLL01$h1342
=FIN  \\$aY$d20121206
=SRC  \\$aBLDatasets$bstm_datasets_20121121.xml
=LAS  \\$aW1606-1753$b00$c20171028$lBLL01$h1342

