=LDR  01744 ai a2200493 a 4500
=001  016217932
=003  Uk
=005  20121207090103.0
=006  m\\\\\\\\m\|\\\\\\
=007  cr\|||||||||||
=008  121126c200u9999it\uu\d\o\\\\\0\\\a2eng\\
=FMT  \\$a  SE
=024  7\$astm20121023e$2local
=040  \\$aUk$beng$cUk
=042  \\$aukblsr
=082  04$a635.04$223
=245  00$aHortivar$h[electronic resource].
=246  3\$aHorticulture cultivars performance database
=260  \\$a[Rome] :$bFAO.
=336  \\$atext$2rdacontent
=337  \\$acomputer$2rdamedia
=338  \\$aonline resource$2rdacarrier
=538  \\$aMode of access: World Wide Web.
=500  \\$aTitle from home page (viewed on Dec. 7, 2012).
=506  \\$aData are free to access.
=520  \\$aProvides data on the performance of various crop cultivars, in terms of yield, pests and diseases and timing of production.
=540  \\$aCreators/Contributors retain copyright.
=584  \\$aData are collected by the FAO.
=650  \0$aHorticultural crops$vDatabases.
=653  2\$aFood security
=655  \7$aDataset.$2local
=655  \7$aReference data.$2local
=655  \7$aObservational data.$2local
=690  7\$aResearch Datasets Collection$2blcoll
=710  2\$aFood and Agriculture Organization of the United Nations.
=856  4\$uhttp://www.fao.org/hortivar/$yResearch Datasets Collection
=859  \\$aXLD$bdatasets
=CAT  \\$aRESDATASET$b00$c20121126$lBLL01$h1531
=CAT  \\$a7332$b40$c20121207$lBLL01$h0901
=CAT  \\$aWR13.117$c20130718$lBLL01$h1857
=CAT  \\$aW1606-1753$c20171028$lBLL01$h1342
=FIN  \\$aY$d20121207
=SRC  \\$aBLDatasets$bstm_datasets_20121121.xml
=LAS  \\$aW1606-1753$b00$c20171028$lBLL01$h1342

