=LDR  01799 ai a2200529 a 4500
=001  016217933
=003  Uk
=005  20191007140955.0
=006  m\\\\\\\\m\|\\\\\\
=007  cr\|||||||||||
=008  121126c200u9999it\uu\d\o\\\\\0\\\a2eng\\
=FMT  \\$a  SE
=024  7\$astm20120725f$2local
=040  \\$aUk$beng$cUk
=042  \\$aukblsr
=082  04$a632.492$223
=245  00$aRustMapper$h[electronic resource].
=246  3\$aRust Mapper
=246  3\$aRust spore
=260  \\$a[Rome] :$bFAO.
=336  \\$atext$2rdacontent
=337  \\$acomputer$2rdamedia
=338  \\$aonline resource$2rdacarrier
=538  \\$aMode of access: World Wide Web.
=500  \\$aTitle from home page (viewed on Dec. 7, 2012).
=516  \\$aapplication/vnd.google-earth.kml+xml.
=506  \\$aData are free to access.
=520  \\$aProvides data on current stem rust infections at FAO monitoring sites.
=540  \\$aNot stated.
=584  \\$aAccepting data submissions: No.
=650  \0$aRust diseases$vDatabases.
=653  2\$aFood security
=655  \7$aDataset.$2local
=655  \7$aObservational data.$2local
=690  7\$aResearch Datasets Collection$2blcoll
=710  2\$aFood and Agriculture Organization of the United Nations.
=710  2\$aBorlaug Global Rust Initiative.
=856  4\$uhttp://www.fao.org/agriculture/crops/rust/stem/stem-rustmapper/en/$yResearch Datasets Collection
=859  \\$aXLD$bdatasets
=CAT  \\$aRESDATASET$b00$c20121126$lBLL01$h1531
=CAT  \\$a7332$b40$c20121207$lBLL01$h0909
=CAT  \\$aWR13.117$c20130718$lBLL01$h1857
=CAT  \\$aW1606-1753$c20171028$lBLL01$h1342
=CAT  \\$a7332$b40$c20191007$lBLL01$h1409
=FIN  \\$aY$d20121207
=SRC  \\$aBLDatasets$bstm_datasets_20121121.xml
=LAS  \\$a7332$b40$c20191007$lBLL01$h1409

