=LDR  02074 ai a2200553 a 4500
=001  016217934
=003  Uk
=005  20121207105356.0
=006  m\\\\\\\\m\|\\\\\\
=007  cr\|||||||||||
=008  121126c200u9999it\uu\d\o\s\\\0\\\a2eng\\
=FMT  \\$a  SE
=024  7\$astm20120822a$2local
=040  \\$aUk$beng$cUk
=042  \\$aukblsr
=082  04$a630$223
=245  00$aAgro-MAPS$h[electronic resource] :$bglobal spatial database of agricultural land-use statistics.
=260  \\$a[Rome] :$bFAO.
=336  \\$atext$2rdacontent
=337  \\$acomputer$2rdamedia
=338  \\$aonline resource$2rdacarrier
=538  \\$aMode of access: World Wide Web.
=500  \\$aTitle from home page (viewed on Dec. 7, 2012).
=516  \\$atext/csv.
=506  \\$aData are free to access.
=520  \\$aThis resource displays geospatial agriculture statistics. This includes yield and area harvested by crop and year. Over 100 food and economic crops are included.
=540  \\$aPublishers copyright.
=584  \\$aData are aggregated by the FAO.
=584  \\$aAccepting data submissions: No.
=500  \\$a"FAO land & water."
=650  \0$aAgriculture$vStatistics$vDatabases.
=650  \0$aAgriculture$vStatistics$vMaps.
=650  \0$aLand use, Rural$vStatistics$vDatabases.
=650  \0$aLand use, Rural$vStatistics$vMaps.
=653  2\$aFood security
=655  \7$aDataset.$2local
=655  \7$aStatistics.$2local
=690  7\$aResearch Datasets Collection$2blcoll
=710  2\$aFood and Agriculture Organization of the United Nations.
=856  4\$uhttp://www.fao.org/landandwater/agll/agromaps/interactive/page.jspx$yResearch Datasets Collection
=859  \\$aXLD$bdatasets
=CAT  \\$aRESDATASET$b00$c20121126$lBLL01$h1531
=CAT  \\$a7332$b40$c20121207$lBLL01$h1035
=CAT  \\$a7332$b40$c20121207$lBLL01$h1053
=CAT  \\$aWR13.117$c20130718$lBLL01$h1857
=CAT  \\$aW1606-1753$c20171028$lBLL01$h1342
=FIN  \\$aY$d20121207
=SRC  \\$aBLDatasets$bstm_datasets_20121121.xml
=LAS  \\$aW1606-1753$b00$c20171028$lBLL01$h1342

