=LDR  02049 ai a2200553 a 4500
=001  016217935
=003  Uk
=005  20121207110119.0
=006  m\\\\\\\\m\|\\\\\\
=007  cr\|||||||||||
=008  121126c200u9999it\uu\d\o\\\\\0\\\a2eng\\
=FMT  \\$a  SE
=024  7\$astm20120822b$2local
=040  \\$aUk$beng$cUk
=041  0\$aeng$aspa$afre
=042  \\$aukblsr
=082  04$a333.736$223
=245  00$aLADA land use system maps$h[electronic resource].
=260  \\$a[Rome] :$bFAO.
=336  \\$atext$2rdacontent
=337  \\$acomputer$2rdamedia
=338  \\$aonline resource$2rdacarrier
=538  \\$aMode of access: World Wide Web.
=588  \\$aDescription based on: LUS Version 1.1 ; title from home page (viewed on Dec. 7, 2012).
=546  \\$aInterface in English, Spanish and French.
=516  \\$aapplication/vnd.google-earth.kml+xml; ESRI shapefile; image/jpg.
=506  \\$aData are free to access.
=540  \\$aCreators/Contributors retain copyright.
=584  \\$aAccepting data submissions: No.
=650  \0$aArid regions$xManagement$vMaps$vDatabases.
=650  \0$aArid regions ecology$vMaps$vDatabases.
=650  \0$aLand use$vMaps$vDatabases.
=650  \0$aDesertification$vMaps$vDatabases.
=653  2\$aFood security
=655  \7$aDataset.$2local
=655  \7$aStatistics.$2local
=690  7\$aResearch Datasets Collection$2blcoll
=710  2\$aFood and Agriculture Organization of the United Nations.
=710  2\$aLand Degradation Assessment in Drylands (Project)
=856  4\$uhttp://www.fao.org/nr/lada/index.php?option=com_content&view=article&id=154&Itemid=184&lang=en$yResearch Datasets Collection
=859  \\$aXLD$bdatasets
=985  \\$a710/2 = new hdg.
=CAT  \\$aRESDATASET$b00$c20121126$lBLL01$h1531
=CAT  \\$a7332$b40$c20121207$lBLL01$h1101
=CAT  \\$aWR13.117$c20130718$lBLL01$h1857
=CAT  \\$aW1606-1753$c20171028$lBLL01$h1342
=FIN  \\$aY$d20121207
=SRC  \\$aBLDatasets$bstm_datasets_20121121.xml
=LAS  \\$aW1606-1753$b00$c20171028$lBLL01$h1342

