=LDR  01880 ai a2200505 a 4500
=001  016217936
=003  Uk
=005  20130930075829.0
=006  m\\\\\\\\m\|\\\\\\
=007  cr\|||||||||||
=008  121126c200u9999it\uu\d\o\\\\\0\\\a2eng\\
=FMT  \\$a  SE
=024  7\$astm20120822d$2local
=040  \\$aUk$beng$cUk$dUk
=042  \\$aukblsr
=082  04$a631.4$223
=245  00$aHWSD database$h[electronic resource].
=246  3\$aHarmonized world soil database
=260  \\$a[Rome] :$bFAO.
=336  \\$atext$2rdacontent
=337  \\$acomputer$2rdamedia
=338  \\$aonline resource$2rdacarrier
=538  \\$aMode of access: World Wide Web.
=500  \\$aTitle from home page (viewed on Dec. 7, 2012).
=506  \\$aData are free to access.
=520  \\$aSoil information and profiles with global coverage. Data can only be viewed with the HWSD viewer, but once downloaded, only updates need to be downloaded.
=540  \\$aNot stated.
=584  \\$aData are aggregated by the FOA from regional and national data sources.
=584  \\$aAccepting data submissions: No.
=650  \0$aSoils$vDatabases.
=653  2\$aFood security
=655  \7$aDataset.$2local
=655  \7$aReference data.$2local
=690  7\$aResearch Datasets Collection$2blcoll
=710  2\$aFood and Agriculture Organization of the United Nations.
=856  4\$uhttp://www.fao.org/nr/land/soils/harmonized-world-soil-database/download-data-only/en/$yResearch Datasets Collection
=859  \\$aXLD$bdatasets
=CAT  \\$aRESDATASET$b00$c20121126$lBLL01$h1531
=CAT  \\$a7332$b40$c20121207$lBLL01$h1134
=CAT  \\$aWR13.117$c20130718$lBLL01$h1857
=CAT  \\$a7332$b40$c20130930$lBLL01$h0758
=CAT  \\$aW1606-1753$c20171028$lBLL01$h1342
=FIN  \\$aY$d20121207
=SRC  \\$aBLDatasets$bstm_datasets_20121121.xml
=LAS  \\$aW1606-1753$b00$c20171028$lBLL01$h1342

