=LDR  01738 ai a2200493 a 4500
=001  016217940
=003  Uk
=005  20121211073036.0
=006  m\\\\\\\\m\|\\\\\\
=007  cr\|||||||||||
=008  121126c200u9999it\uu\d\o\\\\\0\\\a2eng\\
=FMT  \\$a  SE
=024  7\$astm20120822h$2local
=040  \\$aUk$beng$cUk
=042  \\$aukblsr
=082  04$a338.3727783$223
=245  00$aAtlas of tuna and billfish catches$h[electronic resource].
=260  \\$a[Rome] :$bFAO.
=336  \\$atext$2rdacontent
=337  \\$acomputer$2rdamedia
=338  \\$aonline resource$2rdacarrier
=538  \\$aMode of access: World Wide Web.
=500  \\$aTitle from home page (viewed on Dec. 11, 2012).
=506  \\$aData are free to access.
=540  \\$aNot stated.
=584  \\$aAccepting data submissions: No.
=650  \0$aTuna fisheries$xCatch effort$vStatistics$vDatabases.
=650  \0$aBillfish fisheries$xCatch effort$vStatistics$vDatabases.
=650  \0$aTuna fisheries$xFishing effort$vStatistics$vDatabases.
=650  \0$aBillfish fisheries$xFishing effort$vStatistics$vDatabases.
=653  2\$aFood security
=655  \7$aDataset.$2local
=655  \7$aStatistics.$2local
=690  7\$aResearch Datasets Collection$2blcoll
=710  2\$aFAO Fisheries and Aquaculture Dept.
=856  4\$uhttp://www.fao.org/figis/geoserver/tunaatlas/$yResearch Datasets Collection
=859  \\$aXLD$bdatasets
=CAT  \\$aRESDATASET$b00$c20121126$lBLL01$h1531
=CAT  \\$a7332$b40$c20121211$lBLL01$h0730
=CAT  \\$aWR13.117$c20130718$lBLL01$h1857
=CAT  \\$aW1606-1753$c20171028$lBLL01$h1342
=FIN  \\$aY$d20121211
=SRC  \\$aBLDatasets$bstm_datasets_20121121.xml
=LAS  \\$aW1606-1753$b00$c20171028$lBLL01$h1342

