=LDR  01707 ai a2200481 a 4500
=001  016217942
=003  Uk
=005  20121211101603.0
=006  m\\\\\\\\m\|\\\\\\
=007  cr\|||||||||||
=008  121126c200u9999it\uu\d\o\\\\\0\\\a2eng\\
=FMT  \\$a  SE
=024  7\$astm20120822j$2local
=040  \\$aUk$beng$cUk
=042  \\$aukblsr
=082  04$a338.372$223
=245  00$aSoutheast Atlantic capture production 1975-2010$h[electronic resource].
=246  1\$iHTML header$aFIGIS - fisheries statistics - SEATL
=260  \\$a[Rome] :$bFAO.
=336  \\$atext$2rdacontent
=337  \\$acomputer$2rdamedia
=338  \\$aonline resource$2rdacarrier
=538  \\$aMode of access: World Wide Web.
=500  \\$aTitle from home page (viewed on Dec. 11, 2012).
=506  \\$aData are free to access.
=540  \\$aNot stated.
=584  \\$aAccepting data submissions: No.
=650  \0$aFisheries$xCatch effort$zAtlantic Ocean.
=653  2\$aFood security
=655  \7$aDataset.$2local
=655  \7$aStatistics.$2local
=690  7\$aResearch Datasets Collection$2blcoll
=710  2\$aFood and Agriculture Organization of the United Nations.$bFishery Committee for the Southeast Atlantic.
=856  4\$uhttp://www.fao.org/fishery/statistics/seatl-capture-production/query/en$yResearch Datasets Collection
=859  \\$aXLD$bdatasets
=985  \\$a710 = new hdg.
=CAT  \\$aRESDATASET$b00$c20121126$lBLL01$h1531
=CAT  \\$a7332$b40$c20121211$lBLL01$h1016
=CAT  \\$aWR13.117$c20130718$lBLL01$h1857
=CAT  \\$aW1606-1753$c20171028$lBLL01$h1342
=FIN  \\$aY$d20121211
=SRC  \\$aBLDatasets$bstm_datasets_20121121.xml
=LAS  \\$aW1606-1753$b00$c20171028$lBLL01$h1342

