=LDR  02126 ai a2200517 a 4500
=001  016217944
=003  Uk
=005  20121211152416.0
=006  m\\\\\\\\m\|\\\\\\
=007  cr\|||||||||||
=008  121126c200u9999xxuuu\d\o\\\\\0\\\a2eng\\
=FMT  \\$a  SE
=024  7\$astm20110909b$2local
=040  \\$aUk$beng$cUk
=042  \\$aukblsr
=082  04$a632.17$223
=245  00$aFlood damage in the United States, 1926-2003. A reanalysis of national weather service estimates.$pNational data set$h[electronic resource].
=246  3\$aFlood damage in the United States: national data set
=260  \\$a[Boulder :$bUniversity Corporation for Atmospheric Research]
=336  \\$atext$2rdacontent
=337  \\$acomputer$2rdamedia
=338  \\$aonline resource$2rdacarrier
=538  \\$aMode of access: World Wide Web.
=500  \\$aTitle from home page (viewed on Dec. 11, 2012).
=516  \\$aapplication/msexcel; text/html.
=506  \\$aData are free to access.
=518  \\$a1926-2003.
=520  \\$aNational flood damage data by year, in current {dollar} value or 1995 {dollar} value. The whole dataset can be downloaded in Excel format or queried online.
=540  \\$aNot stated.
=584  \\$a"The flood damage estimates presented in this website are compiled from NWS records and publications, supplemented by reports of other federal and state agencies".
=584  \\$aAccepting data submissions: No.
=650  \0$aFlood damage$zUnited States$vDatabases.
=653  2\$aFlooding
=655  \7$aDataset.$2local
=655  \7$aLongitudinal data.$2local
=690  7\$aResearch Datasets Collection$2blcoll
=710  2\$aUniversity Corporation for Atmospheric Research.
=856  4\$uhttp://www.flooddamagedata.org/national.html$yResearch Datasets Collection
=859  \\$aXLD$bdatasets
=CAT  \\$aRESDATASET$b00$c20121126$lBLL01$h1531
=CAT  \\$a7332$b40$c20121211$lBLL01$h1524
=CAT  \\$aWR13.117$c20130718$lBLL01$h1857
=CAT  \\$aW1606-1753$c20171028$lBLL01$h1342
=FIN  \\$aY$d20121211
=SRC  \\$aBLDatasets$bstm_datasets_20121121.xml
=LAS  \\$aW1606-1753$b00$c20171028$lBLL01$h1342

