=LDR  02093 ai a2200565 a 4500
=001  016217947
=003  Uk
=005  20130930075951.0
=006  m\\\\\\\\m\|\\\\\\
=007  cr\|||||||||||
=008  121126c200u9999be\uu\d\o\\\\\0\\\a2eng\\
=FMT  \\$a  SE
=024  7\$astm20120823a$2local
=040  \\$aUk$beng$cUk$dUk
=042  \\$aukblsr
=082  04$a551.5273$223
=245  00$aFraction of absorbed of photosynthetically active radiation$h[electronic resource].
=246  3\$aFAPAR
=260  \\$a[Brussels] :$bJoint Research Centre.
=336  \\$atext$2rdacontent
=337  \\$acomputer$2rdamedia
=338  \\$aonline resource$2rdacarrier
=538  \\$aMode of access: World Wide Web.
=500  \\$aTitle from download web page (viewed on Dec. 12, 2012).
=516  \\$aNetCDF.
=520  \\$aProvides monthly FAPAR data for Global Land Cover 2000 (GLC2000) regions.
=506  \\$aUsers must register to access data.
=510  3\$uhttp://dx.doi.org/10.1029/2005JD006511
=540  \\$aCreators/Contributors retain copyright.
=584  \\$aAccepting data submissions: No.
=650  \0$aAtmospheric radiation$vObservations$vDatabases.
=650  \0$aPhotosynthesis$xResearch$vDatabases.
=653  2\$aFood security
=655  \7$aDataset.$2local
=655  \7$aObservational data.$2local
=690  7\$aResearch Datasets Collection$2blcoll
=710  2\$aFraction of Absorbed Photosynthetically Active Radiation (Project)
=773  08$iPart of Web site:$tFAPAR
=856  4\$uhttp://fapar.jrc.ec.europa.eu/WWW/Data/Pages/FAPAR_Download/FAPAR_Download.php$yResearch Datasets Collection
=859  \\$aXLD$bdatasets
=985  \\$a710 = new hdg.
=CAT  \\$aRESDATASET$b00$c20121126$lBLL01$h1531
=CAT  \\$a7332$b40$c20121212$lBLL01$h1010
=CAT  \\$a7332$b40$c20121213$lBLL01$h0828
=CAT  \\$aWR13.117$c20130718$lBLL01$h1857
=CAT  \\$a7332$b40$c20130930$lBLL01$h0759
=CAT  \\$aW1606-1753$c20171028$lBLL01$h1342
=FIN  \\$aY$d20121212
=SRC  \\$aBLDatasets$bstm_datasets_20121121.xml
=LAS  \\$aW1606-1753$b00$c20171028$lBLL01$h1342

