=LDR  02008 ai a2200553 a 4500
=001  016217948
=003  Uk
=005  20121212105426.0
=006  m\\\\\\\\m\|\\\\\\
=007  cr\|||||||||||
=008  121126c200u9999xxuuu\d\o\\\\\0\\\a2eng\\
=FMT  \\$a  SE
=024  7\$astm20120628a$2local
=040  \\$aUk$beng$cUk
=042  \\$aukblsr
=082  04$a363.7063$223
=245  00$aLaboratory analytical storage and retrieval database$h[electronic resource].
=246  3\$aLASAR web application
=260  \\$a[Portalnd] :$bOregon Department of Environmental Quality.
=336  \\$atext$2rdacontent
=337  \\$acomputer$2rdamedia
=338  \\$aonline resource$2rdacarrier
=538  \\$aMode of access: World Wide Web.
=588  \\$aDescription based on: v 1.34; title from home page (viewed on Dec. 12, 2012).
=516  \\$atext/csv; application/msexcel.
=506  \\$aData are free to access.
=520  \\$aAir and water quality can be queried by date, measured parameter, location and station.
=522  \\$aOregon (state).
=540  \\$aNot stated.
=584  \\$aAccepting data submissions: No.
=653  2\$aLiving With Environmental Change
=655  \7$aDataset.$2local
=655  \7$aMonitoring data.$2local
=690  7\$aResearch Datasets Collection$2blcoll
=650  \0$aAir Quality$vDatabases.
=650  \0$aWater chemistry$vDatabases.
=650  \0$aWater quality$vDatabases.
=710  1\$aOregon.$bDepartment of Environmental Quality.
=856  4\$uhttp://deq12.deq.state.or.us/lasar2/$yResearch Datasets Collection
=859  \\$aXLD$bdatasets
=985  \\$aRecord amended for WR# 13/070
=CAT  \\$aRESDATASET$b00$c20121126$lBLL01$h1531
=CAT  \\$a7332$b40$c20121212$lBLL01$h1054
=CAT  \\$aWR13_070$b00$c20130504$lBLL01$h0340
=CAT  \\$aWR13.117$c20130718$lBLL01$h1857
=CAT  \\$aW1606-1753$c20171028$lBLL01$h1342
=FIN  \\$aY$d20121212
=SRC  \\$aBLDatasets$bstm_datasets_20121121.xml
=LAS  \\$aW1606-1753$b00$c20171028$lBLL01$h1342

