=LDR  02236 ai a2200517 a 4500
=001  016217949
=003  Uk
=005  20121212111421.0
=006  m\\\\\\\\m\|\\\\\\
=007  cr\|||||||||||
=008  121126c200u9999xxuuu\d\o\\\\\0\\\a2eng\\
=FMT  \\$a  SE
=024  7\$astm20120628b$2local
=040  \\$aUk$beng$cUk
=042  \\$aukblsr
=082  04$a912.73$223
=245  00$aNational atlas data download$h[electronic resource].
=260  \\$a[United Sates] :$bUnited States Department of the Interior.
=336  \\$atext$2rdacontent
=337  \\$acomputer$2rdamedia
=338  \\$aonline resource$2rdacarrier
=538  \\$aMode of access: World Wide Web.
=500  \\$aTitle from home page (viewed on Dec. 12, 2012).
=516  \\$aESRI shapefile; GeoTIFF; DBF;.
=506  \\$aData are free to access.
=520  \\$aGeographical layers are available for a wealth of areas, including the Agricultural Census (2002 and 2004); biology (e.g. species ranges, vegetation growth and cover and invasive species); administrative boundaries; climate (e.g. sea surface temperature and tornado occurrences); geology (e.g. magnetic field characteristics, mining and geological hazards) and water (e.g. aquifers, water sheds and water use).
=522  \\$aUnited States (nation).
=540  \\$aMostly Public Domain, some additional material may require permission to reuse.
=584  \\$aAccepting data submissions: No.
=653  2\$aLiving With Environmental Change
=655  \7$aDataset.$2local
=655  \7$aReference data.$2local
=690  7\$aResearch Datasets Collection$2blcoll
=651  \0$aUnited States$vMaps$vDatabases.
=710  1\$aUnited States.$bDepartment of the Interior.
=856  4\$uhttp://nationalatlas.gov/atlasftp.html$yResearch Datasets Collection
=859  \\$aXLD$bdatasets
=985  \\$aRecord amended for WR# 13/070
=CAT  \\$aRESDATASET$b00$c20121126$lBLL01$h1531
=CAT  \\$a7332$b40$c20121212$lBLL01$h1114
=CAT  \\$aWR13_070$b00$c20130504$lBLL01$h0340
=CAT  \\$aWR13.117$c20130718$lBLL01$h1857
=CAT  \\$aW1606-1753$c20171028$lBLL01$h1342
=FIN  \\$aY$d20121212
=SRC  \\$aBLDatasets$bstm_datasets_20121121.xml
=LAS  \\$aW1606-1753$b00$c20171028$lBLL01$h1342

