=LDR  02131 ai a2200541 a 4500
=001  016217950
=003  Uk
=005  20121212134131.0
=006  m\\\\\\\\m\|\\\\\\
=007  cr\|||||||||||
=008  121126c200u9999sa\uu\d\o\\\\\0\\\a2eng\\
=FMT  \\$a  SE
=024  7\$astm20121103a$2local
=040  \\$aUk$beng$cUk
=042  \\$aukblsr
=082  04$a578.0973$223
=245  00$aSIBIS$h[electronic resource].
=246  3\$aSIBIS:SABIF
=260  \\$a[Pretoria] :$bSouth African National Biodiversity Institute.
=336  \\$atext$2rdacontent
=337  \\$acomputer$2rdamedia
=338  \\$aonline resource$2rdacarrier
=538  \\$aMode of access: World Wide Web.
=588  \\$aDescription based on: version 2 Build 6; title from home page (viewed on Dec. 12, 2012).
=516  \\$aapplication/msexcel; shapefile.
=506  \\$aData are free to access.
=520  \\$aData on South African biodiversity can be queried by species (taxonomic or common name or threat status) or viewed on an interactive map. Geospatial data can be downloaded in shapefiles, and species data can be downloaded in Excel.
=540  \\$aNot stated.
=584  \\$aData are collated from SANBI partners.
=584  \\$aAccepting data submissions: No.
=650  \0$aBiodiversity$zSouth Africa$vDatabases.
=650  \0$aEndangered species$zSouth Africa$vDatabases.
=653  2\$aLiving With Environmental Change
=655  \7$aDataset.$2local
=655  \7$aObservational data.$2local
=690  7\$aResearch Datasets Collection$2blcoll
=710  2\$aSouth African National Biodiversity Institute.
=710  2\$aSouth African Biodiversity Information Facility.
=856  4\$uhttp://sibis.sanbi.org/faces/Home.jsp?1=1$yResearch Datasets Collection
=859  \\$aXLD$bdatasets
=985  \\$a710/2 = new hdg
=CAT  \\$aRESDATASET$b00$c20121126$lBLL01$h1531
=CAT  \\$a7332$b40$c20121212$lBLL01$h1341
=CAT  \\$aWR13.117$c20130718$lBLL01$h1857
=CAT  \\$aW1606-1753$c20171028$lBLL01$h1342
=FIN  \\$aY$d20121212
=SRC  \\$aBLDatasets$bstm_datasets_20121121.xml
=LAS  \\$aW1606-1753$b00$c20171028$lBLL01$h1342

