=LDR  01895 ai a2200505 a 4500
=001  016217951
=003  Uk
=005  20121213101109.0
=006  m\\\\\\\\d\|\\\\\\
=007  cr\|||||||||||
=008  121126c200u9999enkuu\d\o\\\\\0\\\a2eng\\
=FMT  \\$a  SE
=024  7\$astm20120823c$2local
=040  \\$aUk$beng$cUk
=042  \\$aukblsr
=082  04$a595.7813$223
=245  00$aHOSTS$h[electronic resource] :$ba database of the world's lepidopteran hostplants.
=260  \\$aLondon :$bNatural History Museum.
=336  \\$atext$2rdacontent
=337  \\$acomputer$2rdamedia
=338  \\$aonline resource$2rdacarrier
=538  \\$aMode of access: World Wide Web.
=500  \\$aTitle from home page (viewed on Dec. 12, 2012).
=506  \\$aData are free to access.
=520  \\$aProvides details of the host plants for lepidopteran caterpillars, and the caterpillars associated with various plant species.
=540  \\$aNot stated.
=584  \\$aData are collated from the literature by the project team.
=584  \\$aAccepting data submissions: No.
=650  \0$aCaterpillars$xHost plants$vDatabases.
=650  \0$aLepidoptera$xHost plants$vDatabases.
=653  2\$aFood security
=655  \7$aDataset.$2local
=655  \7$aReference data.$2local
=690  7\$aResearch Datasets Collection$2blcoll
=710  2\$aNatural History Museum (London, England)
=856  4\$uhttp://www.nhm.ac.uk/research-curation/research/projects/hostplants/$yResearch Datasets Collection
=859  \\$aXLD$bdatasets
=CAT  \\$aRESDATASET$b00$c20121126$lBLL01$h1531
=CAT  \\$a7332$b40$c20121212$lBLL01$h1406
=CAT  \\$a7332$b40$c20121213$lBLL01$h1011
=CAT  \\$aWR13.117$c20130718$lBLL01$h1857
=CAT  \\$aW1606-1753$c20171028$lBLL01$h1342
=FIN  \\$aY$d20121212
=SRC  \\$aBLDatasets$bstm_datasets_20121121.xml
=LAS  \\$aW1606-1753$b00$c20171028$lBLL01$h1342

