=LDR  02069 ai a2200565 a 4500
=001  016217952
=003  Uk
=005  20191008105546.0
=006  m\\\\\\\\m\|\\\\\\
=007  cr\|||||||||||
=008  121126c200u9999xxcuu\d\o\\\\\0\\\a2eng\\
=FMT  \\$a  SE
=024  7\$astm20120823d$2local
=040  \\$aUk$beng$cUk
=042  \\$aukblsr
=082  04$a639.8$223
=245  00$aGAPI$h[electronic resource] :$bglobal aquaculture performance index.
=246  3\$aGAPI datasheets
=246  3\$aGlobal aquaculture performance index
=260  \\$aVictoria :$bUniversity of Victoria.
=336  \\$atext$2rdacontent
=337  \\$acomputer$2rdamedia
=338  \\$aonline resource$2rdacarrier
=538  \\$aMode of access: World Wide Web.
=500  \\$aTitle from home page (viewed on Dec. 12, 2012).
=516  \\$aapplication/msexcel.
=506  \\$aData are free to access.
=540  \\$aCreators/Contributors retain copyright.
=584  \\$aMaterials were produced and/or compiled by the Seafood Ecology Research Group at the University of Victoria.
=584  \\$aAccepting data submissions: No.
=650  \0$aAquaculture$vDatabases.
=650  \0$aAquaculture industry$xEnvironmental aspects$vDatabases.
=650  \0$aFish culture$vDatabases.
=653  2\$aFood security
=655  \7$aDataset.$2local
=655  \7$aStatistics.$2local
=655  \7$aObservational data.$2local
=690  7\$aResearch Datasets Collection$2blcoll
=710  2\$aUniversity of Victoria (B.C.).$bSeafood Ecology Research Group.
=856  4\$uhttp://web.uvic.ca/~gapi/downloads/datasheets.html$yResearch Datasets Collection
=859  \\$aXLD$bdatasets
=CAT  \\$aRESDATASET$b00$c20121126$lBLL01$h1531
=CAT  \\$a7332$b40$c20121212$lBLL01$h1523
=CAT  \\$a7332$b40$c20121212$lBLL01$h1525
=CAT  \\$aWR13.117$c20130718$lBLL01$h1857
=CAT  \\$aW1606-1753$c20171028$lBLL01$h1342
=CAT  \\$a7332$b40$c20191008$lBLL01$h1055
=FIN  \\$aY$d20121212
=SRC  \\$aBLDatasets$bstm_datasets_20121121.xml
=LAS  \\$a7332$b40$c20191008$lBLL01$h1055

