=LDR  01886 ai a2200517 a 4500
=001  016217953
=003  Uk
=005  20121212160032.0
=006  m\\\\\\\\m\|\\\\\\
=007  cr\|||||||||||
=008  121126c200u9999xxuuu\d\o\\\\\0\\\a2eng\\
=FMT  \\$a  SE
=024  7\$astm20120823e$2local
=040  \\$aUk$beng$cUk
=042  \\$aukblsr
=082  04$a338.1$223
=245  00$aAgBase$h[electronic resource].
=260  \\$a[Starkville] :$bMississippi State University.
=336  \\$atext$2rdacontent
=337  \\$acomputer$2rdamedia
=338  \\$aonline resource$2rdacarrier
=538  \\$aMode of access: World Wide Web.
=588  \\$aDescription based on: version 2.00; title from home page (viewed on Dec. 12, 2012).
=506  \\$aData are free to access.
=510  3\$uhttp://dx.doi.org/10.1093/nar/gkq1115
=520  \\$aData facilitating functional analysis of agricultural animal and plant genetics, as well as relevant microbes and parasites. Data can be queried by text, gene ontology or BLAST searches.
=540  \\$aNot stated.
=584  \\$aAccepting data submissions: Yes.
=650  \0$aCrops$xGenetics$vDatabases.
=650  \0$aLivestock$xGenetics$vDatabases.
=650  \0$aBioinformatics.
=653  2\$aFood security
=655  \7$aDataset.$2local
=655  \7$aExperimental data.$2local
=655  \7$aReference data.$2local
=690  7\$aResearch Datasets Collection$2blcoll
=710  2\$aMississippi State University.
=856  4\$uhttp://agbase.msstate.edu/$yResearch Datasets Collection
=859  \\$aXLD$bdatasets
=CAT  \\$aRESDATASET$b00$c20121126$lBLL01$h1531
=CAT  \\$a7332$b40$c20121212$lBLL01$h1600
=CAT  \\$aWR13.117$c20130718$lBLL01$h1857
=CAT  \\$aW1606-1753$c20171028$lBLL01$h1342
=FIN  \\$aY$d20121212
=SRC  \\$aBLDatasets$bstm_datasets_20121121.xml
=LAS  \\$aW1606-1753$b00$c20171028$lBLL01$h1342

