=LDR  02051 ai a2200553 a 4500
=001  016217954
=003  Uk
=005  20121213082628.0
=006  m\\\\\\\\m\|\\\\\\
=007  cr\|||||||||||
=008  121126c200u9999xxuuu\d\o\\\\\0\\\a2eng\\
=FMT  \\$a  SE
=024  7\$astm20120823f$2local
=040  \\$aUk$beng$cUk
=042  \\$aukblsr
=082  04$a633.15233$223
=245  00$aCorn fungal resistance associated sequences database$h[electronic resource].
=246  3\$aCFRAS-DB
=260  \\$a[Starkville] :$bMississippi State University.
=336  \\$atext$2rdacontent
=337  \\$acomputer$2rdamedia
=338  \\$aonline resource$2rdacarrier
=538  \\$aMode of access: World Wide Web.
=588  \\$aDescription based on: version 1.00; title from home page (viewed on Dec. 13, 2012).
=516  \\$aapplication/msexcel.
=506  \\$aData are free to access.
=520  \\$aData on genetics associated with fungal resistance in maize. Gene expression, single nucleotide polymorphisms (SNPs) and proteomic data are available.
=540  \\$aNot stated.
=584  \\$aData are collated from various experiments.
=584  \\$aAccepting data submissions: No.
=650  \0$aCorn$xGenetics$vDatabases.
=650  \0$aPlant genomes$vDatabases.
=650  \0$aFungal diseases of plants$vDatabases.
=650  \0$aAspergillus flavus.
=653  2\$aFood security
=655  \7$aDataset.$2local
=655  \7$aExperimental data.$2local
=655  \7$aReference data.$2local
=690  7\$aResearch Datasets Collection$2blcoll
=710  2\$aMississippi State University.
=856  4\$uhttp://agbase.msstate.edu/cgi-bin/maizecandidates/index.cgi$yResearch Datasets Collection
=859  \\$aXLD$bdatasets
=CAT  \\$aRESDATASET$b00$c20121126$lBLL01$h1531
=CAT  \\$a7332$b40$c20121213$lBLL01$h0826
=CAT  \\$aWR13.117$c20130718$lBLL01$h1857
=CAT  \\$aW1606-1753$c20171028$lBLL01$h1342
=FIN  \\$aY$d20121213
=SRC  \\$aBLDatasets$bstm_datasets_20121121.xml
=LAS  \\$aW1606-1753$b00$c20171028$lBLL01$h1342

