=LDR  02292 ai a2200589 a 4500
=001  016217955
=003  Uk
=005  20130927134735.0
=006  m\\\\\\\\m\|\\\\\\
=007  cr\|||||||||||
=008  121126c200u9999it\uu\d\o\\\\\0\\\a2eng\\
=FMT  \\$a  SE
=024  7\$astm20120823g$2local
=040  \\$aUk$beng$cUk$dUk
=042  \\$aukblsr
=082  04$a633.1$223
=245  00$aCEREALAB database$h[electronic resource].
=260  \\$a[Modena] :$bUniversity of Modena and Reggio Emilia.
=336  \\$atext$2rdacontent
=337  \\$acomputer$2rdamedia
=338  \\$aonline resource$2rdacarrier
=538  \\$aMode of access: World Wide Web.
=500  \\$aTitle from home page (viewed on Dec. 13, 2012).
=506  \\$aData are free to access.
=520  \\$aMolecular and phenotype data for wheat (Triticum durum and T. aestivum), barley (Hordeum vulgare) and rice (Oryza sativa). Select data by species, then querying by keyword or selecting the data of interest.
=540  \\$aNot stated.
=584  \\$aAccepting data submissions: No.
=650  \0$aWheat$xBreeding$vDatabases.
=650  \0$aWheat$xMolecular aspects$vDatabases.
=650  \0$aBarley$xBreeding$vDatabases.
=650  \0$aBarley$xMolecular aspects$vDatabases.
=650  \0$aRice$xBreeding$vDatabases.
=650  \0$aRice$xMolecular aspects$vDatabases.
=650  \0$aPhenotype.
=653  2\$aFood security
=655  \7$aDataset.$2local
=655  \7$aExperimental data.$2local
=655  \7$aReference data.$2local
=690  7\$aResearch Datasets Collection$2blcoll
=710  2\$aUniversità di Modena e Reggio Emilia.$bLaboratorio Biotecnologie Non-OGM per l'industria sementiera.
=856  4\$uhttp://www.cerealab.unimore.it/index.php?option=com_content&view=article&id=33&Itemid=52$yResearch Datasets Collection
=859  \\$aXLD$bdatasets
=985  \\$a710 = new hdgs
=CAT  \\$aRESDATASET$b00$c20121126$lBLL01$h1531
=CAT  \\$a7332$b40$c20121213$lBLL01$h1024
=CAT  \\$a7332$b40$c20121213$lBLL01$h1026
=CAT  \\$aWR13.117$c20130718$lBLL01$h1857
=CAT  \\$a7332$b40$c20130927$lBLL01$h1347
=CAT  \\$aW1606-1753$c20171028$lBLL01$h1342
=FIN  \\$aY$d20121213
=SRC  \\$aBLDatasets$bstm_datasets_20121121.xml
=LAS  \\$aW1606-1753$b00$c20171028$lBLL01$h1342

