=LDR  01757 ai a2200481 a 4500
=001  016217956
=003  Uk
=005  20121213111012.0
=006  m\\\\\\\\m\|\\\\\\
=007  cr\|||||||||||
=008  121126c200u9999stkuu\d\o\s\\\0\\\a2eng\\
=FMT  \\$a  SE
=024  7\$astm20110728d$2local
=040  \\$aUk$beng$cUk
=042  \\$aukblsr
=082  04$a338.10941$223
=245  00$aagcensus$h[electronic resource].
=260  \\$aEdinburgh :$bEDINA.
=336  \\$atext$2rdacontent
=337  \\$acomputer$2rdamedia
=338  \\$aonline resource$2rdacarrier
=538  \\$aMode of access: World Wide Web.
=500  \\$aTitle from home page (viewed on Dec. 13, 2012).
=516  \\$aapplication/vnd.google-earth.kml+xml.
=506  \\$aSubscription is required to access the data.
=520  \\$aProvides data on the annual agricultural census conducted across the UK. Institutional subscription is required to access the data. If your institution is subscribed you will be able to access agcensus free of charge.
=540  \\$aNot stated.
=584  \\$aAccepting data submissions: No.
=650  \0$aAgriculture$zGreat Britain$vStatistics$vDatabases.
=653  2\$aFood security
=655  \7$aDataset.$2local
=655  \7$aSurvey data.$2local
=690  7\$aResearch Datasets Collection$2blcoll
=710  2\$aEDINA.
=856  4\$uhttp://edina.ac.uk/agcensus/$yResearch Datasets Collection
=859  \\$aXLD$bdatasets
=CAT  \\$aRESDATASET$b00$c20121126$lBLL01$h1531
=CAT  \\$a7332$b40$c20121213$lBLL01$h1110
=CAT  \\$aWR13.117$c20130718$lBLL01$h1857
=CAT  \\$aW1606-1753$c20171028$lBLL01$h1342
=FIN  \\$aY$d20121213
=SRC  \\$aBLDatasets$bstm_datasets_20121121.xml
=LAS  \\$aW1606-1753$b00$c20171028$lBLL01$h1342

