=LDR  01939 ai a2200553 a 4500
=001  016217957
=003  Uk
=005  20121213112445.0
=006  m\\\\\\\\m\|\\\\\\
=007  cr\|||||||||||
=008  121126c200u9999xxcuu\d\o\\\\\0\\\a2eng\\
=FMT  \\$a  SE
=024  7\$astm20110809l$2local
=040  \\$aUk$beng$cUk
=041  0\$aeng$afre
=042  \\$aukblsr
=082  04$a551.4830971$223
=245  00$aHydrometric data$h[electronic resource].
=246  1\$iFrench interface title:$aDonneÌes hydromeÌtriques
=246  1\$iHTML header title:$aWater Survey of Canada archived hydrometric data
=260  \\$aOttawa :$bEnvironment Canada.
=336  \\$atext$2rdacontent
=337  \\$acomputer$2rdamedia
=338  \\$aonline resource$2rdacarrier
=538  \\$aMode of access: World Wide Web.
=500  \\$aTitle from home page (viewed on Dec. 13, 2012).
=546  \\$aInterface in English and French.
=516  \\$atext/csv; text/html.
=506  \\$aData are free to access.
=540  \\$aNot stated.
=584  \\$aData are collected by Environment Canada.
=584  \\$aAccepting data submissions: No.
=650  \0$aHydraulic measurements$zCanada$vDatabases.
=653  2\$aLiving With Environmental Change
=655  \7$aDataset.$2local
=655  \7$aObservational data.$2local
=655  \7$aLongitudinal data.$2local
=690  7\$aResearch Datasets Collection$2blcoll
=710  1\$aCanada.$bEnvironment Canada.
=710  2\$aWater Survey of Canada.
=856  4\$uhttp://www.wsc.ec.gc.ca/applications/H2O/index-eng.cfm$yResearch Datasets Collection
=859  \\$aXLD$bdatasets
=CAT  \\$aRESDATASET$b00$c20121126$lBLL01$h1531
=CAT  \\$a7332$b40$c20121213$lBLL01$h1124
=CAT  \\$aWR13.117$c20130718$lBLL01$h1857
=CAT  \\$aW1606-1753$c20171028$lBLL01$h1342
=FIN  \\$aY$d20121213
=SRC  \\$aBLDatasets$bstm_datasets_20121121.xml
=LAS  \\$aW1606-1753$b00$c20171028$lBLL01$h1342

