=LDR  02071 ai a2200505 a 4500
=001  016217967
=003  Uk
=005  20121214111015.0
=006  m\\\\\\\\m\|\\\\\\
=007  cr\|||||||||||
=008  121126c200u9999enkuu\d\o\\\\\0\\\a2eng\\
=FMT  \\$a  SE
=024  7\$astm20110826k$2local
=040  \\$aUk$beng$cUk
=042  \\$aukblsr
=082  04$a551.489$223
=245  00$aNaFRA spatial flood likelihood category (FLC) grid$h[electronic resource].
=260  \\$a[Bristol] :$bEnvironment Agency.
=336  \\$atext$2rdacontent
=337  \\$acomputer$2rdamedia
=338  \\$aonline resource$2rdacarrier
=538  \\$aMode of access: World Wide Web.
=500  \\$aTitle from web page (viewed on Dec. 14, 2012).
=506  \\$aUsers must apply for access to data.
=520  \\$aA mapped assessment of the likelihood of flooding based on assessments for 85 UK river catchments and coastal cells, where a cell is an area measuring 50m by 50m. The calculations provide an indication of the likelihood of flooding at the centre of each cell.
=540  \\$aEnvironment Agency copyright and/or database right.
=584  \\$aData are generated by the Environment Agency.
=584  \\$aAccepting data submissions: No.
=650  \0$aFloods$zGreat Britain$vDatabases.
=653  2\$aFlooding
=653  2\$aLiving With Environmental Change
=655  \7$aDataset.$2local
=655  \7$aReference data.$2local
=690  7\$aResearch Datasets Collection$2blcoll
=710  1\$aGreat Britain.$bEnvironment Agency.
=773  08$iPart of Web site:$tDataShare
=856  4\$uhttp://www.geostore.com/environment-agency/WebStore?xml=environment-agency/xml/dataLayers_NaFRASFLCG.xml$yResearch Datasets Collection
=859  \\$aXLD$bdatasets
=CAT  \\$aRESDATASET$b00$c20121126$lBLL01$h1531
=CAT  \\$a7332$b40$c20121214$lBLL01$h1110
=CAT  \\$aWR13.117$c20130718$lBLL01$h1857
=CAT  \\$aW1606-1753$c20171028$lBLL01$h1342
=FIN  \\$aY$d20121214
=SRC  \\$aBLDatasets$bstm_datasets_20121121.xml
=LAS  \\$aW1606-1753$b00$c20171028$lBLL01$h1342

