=LDR  02332 ai a2200577 a 4500
=001  016217974
=003  Uk
=005  20140212100757.0
=006  m\\\\\\\\m\|\\\\\\
=007  cr\|||||||||||
=008  121126c200u9999xxuuu\d\o\\\\\0\\\a2eng\\
=FMT  \\$a  SE
=024  7\$astm20110909h$2local
=040  \\$aUk$beng$cUk$dUk
=042  \\$aukblsr
=082  04$a551.458$223
=245  00$aImpacts of sea-level rise on the California coast.$pGIS data downloads$h[electronic resource].
=246  1\$iHTML header title:$aPacific Institute sea level rise data
=260  \\$a[Sacramento] :$bPacific Institute.
=336  \\$atext$2rdacontent
=337  \\$acomputer$2rdamedia
=338  \\$aonline resource$2rdacarrier
=538  \\$aMode of access: World Wide Web.
=500  \\$aTitle from home page (viewed on Dec. 17, 2012).
=516  \\$aESRI shapefile.
=520  \\$aProvides GIS data created or modified by Pacific Institute researchers for the project Impacts of Sea Level Rise on the California Coast. Datasets cover base flood elevations, predicted flood elevations, wetlands, erosion, flood interventions and facilities vulnerable to flood damage.
=506  \\$aData are free to access.
=540  \\$aNot stated.
=584  \\$aData are created or modified by the Pacific Institute.
=584  \\$aAccepting data submissions: No.
=650  \0$aSea level$zCalifornia$vDatabases.
=650  \0$aCoast changes$zCalifornia.
=650  \0$aFloods$zCalifornia$vDatabases.
=653  2\$aFlooding
=653  2\$aLiving With Environmental Change
=655  \7$aDataset.$2local
=655  \7$aModelled data.$2local
=690  7\$aResearch Datasets Collection$2blcoll
=710  2\$aPacific Institute (Oakland, Calif.)
=856  4\$uhttp://www2.pacinst.org/reports/sea_level_rise/data/index.htm$yResearch Datasets Collection
=859  \\$aXLD$bdatasets
=CAT  \\$aRESDATASET$b00$c20121126$lBLL01$h1531
=CAT  \\$a7332$b40$c20121217$lBLL01$h1026
=CAT  \\$a7332$b40$c20121217$lBLL01$h1037
=CAT  \\$aWR13.117$c20130718$lBLL01$h1857
=CAT  \\$a7332$b40$c20131002$lBLL01$h0746
=CAT  \\$a7332$b40$c20140212$lBLL01$h1007
=CAT  \\$aW1606-1753$c20171028$lBLL01$h1342
=FIN  \\$aY$d20121217
=SRC  \\$aBLDatasets$bstm_datasets_20121121.xml
=LAS  \\$aW1606-1753$b00$c20171028$lBLL01$h1342

