=LDR  01997 ai a2200529 a 4500
=001  016217976
=003  Uk
=005  20131002083924.0
=006  m\\\\\\\\m\|\\\\\\
=007  cr\|||||||||||
=008  121126c200u9999xxuuu\d\o\\\\\0\\\a2eng\\
=FMT  \\$a  SE
=024  7\$astm20110909j$2local
=040  \\$aUk$beng$cUk$dUk
=042  \\$aukblsr
=082  04$a551.488$223
=245  00$aWaterWatch.$pComputed runoff in hydrologic units$h[electronic resource].
=246  1\$iHTML header title:$aUSGS WaterWatch streamflow conditions
=260  \\$a[United States] :$bUSGS.
=336  \\$atext$2rdacontent
=337  \\$acomputer$2rdamedia
=338  \\$aonline resource$2rdacarrier
=538  \\$aMode of access: World Wide Web.
=500  \\$aTitle from home page (viewed on Dec. 17, 2012).
=516  \\$atext/html; image/gif.
=520  \\$aComputed run-off data for the United Sates by hydrologic unit. You can visualise run-off data in the online tools by time period and state. Data can also be downloaded by time period and hydrologic unit.
=506  \\$aData are free to access.
=540  \\$aNot stated.
=584  \\$aAccepting data submissions: No.
=650  \0$aRunoff$zUnited States$vDatabases.
=653  2\$aFlooding
=653  2\$aLiving With Environmental Change
=655  \7$aDataset.$2local
=655  \7$aLongitudinal data.$2local
=690  7\$aResearch Datasets Collection$2blcoll
=710  2\$aGeological Survey (U.S.)
=856  4\$uhttp://waterwatch.usgs.gov/new/index.php?id=romap3$yResearch Datasets Collection
=859  \\$aXLD$bdatasets
=CAT  \\$aRESDATASET$b00$c20121126$lBLL01$h1531
=CAT  \\$a7332$b40$c20121217$lBLL01$h1119
=CAT  \\$a7332$b40$c20121217$lBLL01$h1135
=CAT  \\$aWR13.117$c20130718$lBLL01$h1857
=CAT  \\$a7332$b40$c20131002$lBLL01$h0839
=CAT  \\$aW1606-1753$c20171028$lBLL01$h1342
=FIN  \\$aY$d20121217
=SRC  \\$aBLDatasets$bstm_datasets_20121121.xml
=LAS  \\$aW1606-1753$b00$c20171028$lBLL01$h1342

