=LDR  01988 ai a2200517 a 4500
=001  016217977
=003  Uk
=005  20121217114521.0
=006  m\\\\\\\\m\|\\\\\\
=007  cr\|||||||||||
=008  121126c200u9999xxuuu\d\o\\\\\0\\\a2eng\\
=FMT  \\$a  SE
=024  7\$astm20110909k$2local
=040  \\$aUk$beng$cUk
=042  \\$aukblsr
=082  04$a551.48$223
=245  00$aWaterWatch.$pGoogle Earth streamgages KML files$h[electronic resource].
=246  1\$iHTML header title:$aUSGS WaterWatch streamflow conditions
=260  \\$a[United States] :$bUSGS.
=336  \\$atext$2rdacontent
=337  \\$acomputer$2rdamedia
=338  \\$aonline resource$2rdacarrier
=538  \\$aMode of access: World Wide Web.
=500  \\$aTitle from home page (viewed on Dec. 17, 2012).
=516  \\$aapplication/vnd.google-earth.kml+xml.
=506  \\$aData are free to access.
=520  \\$aProvides a KML that allows visualisation of USGS stream gauges in Google Earth. Information on the start and end dates of data collection for each stream gauge is given. KML files can be downloaded per U.S. state.
=540  \\$aNot stated.
=584  \\$aData are generated by the USGS.
=584  \\$aAccepting data submissions: No.
=650  \0$aStream-gaging stations$zUnited States$vDatabases.
=650  \0$aStream measurements$zUnited States.
=653  2\$aFlooding
=655  \7$aDataset.$2local
=655  \7$aReference data.$2local
=690  7\$aResearch Datasets Collection$2blcoll
=710  2\$aGeological Survey (U.S.)
=856  4\$uhttp://waterwatch.usgs.gov/new/index.php?id=stategage$yResearch Datasets Collection
=859  \\$aXLD$bdatasets
=CAT  \\$aRESDATASET$b00$c20121126$lBLL01$h1531
=CAT  \\$a7332$b40$c20121217$lBLL01$h1145
=CAT  \\$aWR13.117$c20130718$lBLL01$h1857
=CAT  \\$aW1606-1753$c20171028$lBLL01$h1342
=FIN  \\$aY$d20121217
=SRC  \\$aBLDatasets$bstm_datasets_20121121.xml
=LAS  \\$aW1606-1753$b00$c20171028$lBLL01$h1342

