=LDR  02358 ai a2200577 a 4500
=001  016217981
=003  Uk
=005  20121219091329.0
=006  m\\\\\\\\m\|\\\\\\
=007  cr\|||||||||||
=008  121126c200u9999xxuuu\d\o\\\\\0\\\a2eng\\
=FMT  \\$a  SE
=024  7\$astm20110922a$2local
=040  \\$aUk$beng$cUk
=042  \\$aukblsr
=082  04$a333.709$223
=245  00$aGlobal fiducials library data access portal$h[electronic resource].
=246  3\$aGFL
=260  \\$a[United States] :$bUSGS.
=336  \\$atext$2rdacontent
=337  \\$acomputer$2rdamedia
=338  \\$aonline resource$2rdacarrier
=538  \\$aMode of access: World Wide Web.
=500  \\$aTitle from home page (viewed on Dec. 19, 2012).
=516  \\$aGeoTIFF; GeoPDF; text/xml.
=506  \\$aData are free to access.
=520  \\$aThe Global Fiducials Library is a long term archive of images, from U.S. National Imagery Systems, which represents a long term periodic record for selected scientifically important sites. Imagery is available for the Domestic United States, Arctic sea ice and the Antarctic and cover the topics of ocean, atmospheric and geologic processes; ice and snow dynamics and land use/land cover.
=522  \\$aUnited States; Arctic; Antarctic.
=540  \\$aPublic Domain.
=584  \\$aData are generated from U.S. National Imagery Systems.
=584  \\$aAccepting data submissions: No.
=653  2\$aLiving With Environmental Change
=655  \7$aDataset.$2local
=655  \7$aObservational data.$2local
=655  \7$aLongitudinal data.$2local
=690  7\$aResearch Datasets Collection$2blcoll
=650  \0$aEnvironmental geography$vDatabases.
=650  \0$aEnvironmental geography$vMaps$vDatabases.
=710  1\$aUnited States.$bDepartment of the Interior.
=710  2\$aGeological Survey (U.S.)
=856  4\$uhttp://gfl.usgs.gov/$yResearch Datasets Collection
=859  \\$aXLD$bdatasets
=985  \\$aRecord amended for WR# 13/070
=CAT  \\$aRESDATASET$b00$c20121126$lBLL01$h1531
=CAT  \\$a7332$b40$c20121219$lBLL01$h0913
=CAT  \\$aWR13_070$b00$c20130504$lBLL01$h0340
=CAT  \\$aWR13.117$c20130718$lBLL01$h1857
=CAT  \\$aW1606-1753$c20171028$lBLL01$h1342
=FIN  \\$aY$d20121219
=SRC  \\$aBLDatasets$bstm_datasets_20121121.xml
=LAS  \\$aW1606-1753$b00$c20171028$lBLL01$h1342

