=LDR  02113 ai a2200529 a 4500
=001  016217982
=003  Uk
=005  20121219102845.0
=006  m\\\\\\\\m\|\\\\\\
=007  cr\|||||||||||
=008  121126c200u9999sz\uu\d\o\\\\\0\\\a2eng\\
=FMT  \\$a  SE
=024  7\$astm20121023f$2local
=040  \\$aUk$beng$cUk
=042  \\$aukblsr
=082  04$a362.1$223
=245  00$aGlobal health observatory map gallery$h[electronic resource].
=246  1\$iTitle from HTML header:$aWHO global health observatory map gallery
=246  1\$iTitle appears on item as:$aWelcome to the global health observatory map gallery
=260  \\$a[Geneva] :$bWorld Health Organisation.
=336  \\$atext$2rdacontent
=337  \\$acomputer$2rdamedia
=338  \\$aonline resource$2rdacarrier
=538  \\$aMode of access: World Wide Web.
=500  \\$aTitle from home page (viewed on Dec. 19, 2012).
=516  \\$aimage/png.
=506  \\$aData are free to access.
=520  \\$aMaps of global health topics such as care provision, sanitation, substance abuse, and primarily disease occurrence - such as avian influenza, HIV/AIDS, cholera and neglected tropical diseases. Maps are accessed by topic and country, or searched by keyword.
=540  \\$aCreators/Contributors retain copyright.
=584  \\$aData are collected by the WHO.
=650  \0$aWorld health$vMaps$vDatabases.
=650  \0$aMedical geography$vMaps$vDatabases.
=653  2\$aNeglected Tropical Disease
=655  \7$aDataset.$2local
=655  \7$aStatistics.$2local
=655  \7$aMonitoring data.$2local
=690  7\$aResearch Datasets Collection$2blcoll
=710  2\$aWorld Health Organization.
=856  4\$uhttp://gamapserver.who.int/mapLibrary/$yResearch Datasets Collection
=859  \\$aXLD$bdatasets
=CAT  \\$aRESDATASET$b00$c20121126$lBLL01$h1531
=CAT  \\$a7332$b40$c20121219$lBLL01$h1028
=CAT  \\$aWR13.117$c20130718$lBLL01$h1857
=CAT  \\$aW1606-1753$c20171028$lBLL01$h1342
=FIN  \\$aY$d20121219
=SRC  \\$aBLDatasets$bstm_datasets_20121121.xml
=LAS  \\$aW1606-1753$b00$c20171028$lBLL01$h1342

