=LDR  01898 ai a2200529 a 4500
=001  016217983
=003  Uk
=005  20130930072551.0
=006  m\\\\\\\\m\|\\\\\\
=007  cr\|||||||||||
=008  121126c200u9999xxuuu\d\o\\\\\0\\\a2eng\\
=FMT  \\$a  SE
=024  7\$astm20111031a$2local
=040  \\$aUk$beng$cUk$dUk
=042  \\$aukblsr
=082  04$a551.14$223
=245  00$aBerkeley Earth surface temperature$h[electronic resource].
=260  \\$aBerkeley :$bBerkeley Earth Surface Temperature.
=336  \\$atext$2rdacontent
=337  \\$acomputer$2rdamedia
=338  \\$aonline resource$2rdacarrier
=538  \\$aMode of access: World Wide Web.
=500  \\$aTitle from home page (viewed on Dec. 19, 2012).
=516  \\$aMATLAB format; text/plain.
=520  \\$aGlobal, processed, gridded Earth surface temperature data.
=506  \\$aData are free to access.
=540  \\$aCreators/Contributors retain copyright.
=584  \\$aData are collated from various surface temperature stations.
=584  \\$aAccepting data submissions: No.
=650  \0$aEarth temperature$vDatabases.
=653  2\$aLiving With Environmental Change
=655  \7$aDataset.$2local
=655  \7$aLongitudinal data.$2local
=655  \7$aObservational data.$2local
=690  7\$aResearch Datasets Collection$2blcoll
=710  2\$aBerkeley Earth Surface Temperature (Organisation)
=856  4\$uhttp://berkeleyearth.org/data/$yResearch Datasets Collection
=859  \\$aXLD$bdatasets
=985  \\$a710 = new hdg.
=CAT  \\$aRESDATASET$b00$c20121126$lBLL01$h1531
=CAT  \\$a7332$b40$c20121219$lBLL01$h1044
=CAT  \\$aWR13.117$c20130718$lBLL01$h1857
=CAT  \\$a7332$b40$c20130930$lBLL01$h0725
=CAT  \\$aW1606-1753$c20171028$lBLL01$h1342
=FIN  \\$aY$d20121219
=SRC  \\$aBLDatasets$bstm_datasets_20121121.xml
=LAS  \\$aW1606-1753$b00$c20171028$lBLL01$h1342

