=LDR  01695 ai a2200505 a 4500
=001  016217984
=003  Uk
=005  20121219134336.0
=006  m\\\\\\\\m\|\\\\\\
=007  cr\|||||||||||
=008  121126c200u9999xxuuu\d\o\\\\\0\\\a2eng\\
=FMT  \\$a  SE
=024  7\$astm20120823i$2local
=040  \\$aUk$beng$cUk
=042  \\$aukblsr
=082  04$a632.3$223
=245  00$aComprehensive phytopathogen genomics resource$h[electronic resource].
=246  3\$aCPGR
=260  \\$a[East Lansing] :$bMichigan State University.
=336  \\$atext$2rdacontent
=337  \\$acomputer$2rdamedia
=338  \\$aonline resource$2rdacarrier
=538  \\$aMode of access: World Wide Web.
=500  \\$aTitle from home page (viewed on Dec. 19, 2012).
=506  \\$aData are free to access.
=510  3\$uhttp://dx.doi.org/10.1093/database/bar053
=540  \\$aNot stated.
=584  \\$aAccepting data submissions: No.
=650  \0$aPhytopathogenic microorganisms$xGenetics$vDatabases.
=650  \0$aGenomics$vDatabases.
=653  2\$aFood security
=655  \7$aDataset.$2local
=655  \7$aExperimental data.$2local
=655  \7$aReference data.$2local
=690  7\$aResearch Datasets Collection$2blcoll
=710  2\$aMichigan State University.
=856  4\$uhttp://cpgr.plantbiology.msu.edu/$yResearch Datasets Collection
=859  \\$aXLD$bdatasets
=CAT  \\$aRESDATASET$b00$c20121126$lBLL01$h1531
=CAT  \\$a7332$b40$c20121219$lBLL01$h1343
=CAT  \\$aWR13.117$c20130718$lBLL01$h1857
=CAT  \\$aW1606-1753$c20171028$lBLL01$h1342
=FIN  \\$aY$d20121219
=SRC  \\$aBLDatasets$bstm_datasets_20121121.xml
=LAS  \\$aW1606-1753$b00$c20171028$lBLL01$h1342

