=LDR  01906 ai a2200481 a 4500
=001  016217985
=003  Uk
=005  20121220110547.0
=006  m\\\\\\\\m\|\\\\\\
=007  cr\|||||||||||
=008  121126c200u9999gw\uu\d\o\\\\\0\\\a2eng\\
=FMT  \\$a  SE
=024  7\$astm20121023g$2local
=040  \\$aUk$beng$cUk
=042  \\$aukblsr
=082  04$a572.42$223
=245  00$aMetaCrop$h[electronic resource].
=260  \\$a[Seeland] :$bIPK Gatersleben.
=336  \\$atext$2rdacontent
=337  \\$acomputer$2rdamedia
=338  \\$aonline resource$2rdacarrier
=538  \\$aMode of access: World Wide Web.
=500  \\$aTitle from home page (viewed on Dec. 20, 2012).
=506  \\$aData are free to access.
=510  3\$uhttp://dx.doi.org/10.1093/nar/gkr1004
=520  \\$aProvides data on metabolic pathways in 7 crop species and two model plant species. These are: barley (Hordeum vulgare), wheat (Triticum aestivum), rice (Oryza sativa), maize (Zea mays), potatoes (Solanum tuberosum), oilseed rape (Brassica napus), beetroot (Beta vulgaris), Arabidopsis thaliana and Medicago truncatula.
=540  \\$aNot stated.
=650  \0$aCrops$xMetabolism$vDatabases.
=650  \0$aCrops$xBreeding$vDatabases.
=653  2\$aFood security
=655  \7$aDataset.$2local
=655  \7$aExperimental data.$2local
=690  7\$aResearch Datasets Collection$2blcoll
=710  2\$aInstitut für Pflanzengenetik und Kulturpflanzenforschung Gatersleben, Germany.
=856  4\$uhttp://metacrop.ipk-gatersleben.de$yResearch Datasets Collection
=859  \\$aXLD$bdatasets
=CAT  \\$aRESDATASET$b00$c20121126$lBLL01$h1531
=CAT  \\$a7332$b40$c20121220$lBLL01$h1105
=CAT  \\$aWR13.117$c20130718$lBLL01$h1857
=CAT  \\$aW1606-1753$c20171028$lBLL01$h1342
=FIN  \\$aY$d20121220
=SRC  \\$aBLDatasets$bstm_datasets_20121121.xml
=LAS  \\$aW1606-1753$b00$c20171028$lBLL01$h1342

