=LDR  02007 ai a2200529 a 4500
=001  016217986
=003  Uk
=005  20191004125837.0
=006  m\\\\\\\\m\|\\\\\\
=007  cr\|||||||||||
=008  121126c200u9999xxuuu\d\o\\\\\0\\\a2eng\\
=FMT  \\$a  SE
=024  7\$astm20120823j$2local
=040  \\$aUk$beng$cUk
=042  \\$aukblsr
=082  04$a572.862$223
=245  00$aPhytozome$h[electronic resource].
=260  \\$aWalnut Creek :$bJoint Genome Institute ;$aBerkeley :$bCenter for Integrative Genomics.
=336  \\$atext$2rdacontent
=337  \\$acomputer$2rdamedia
=338  \\$aonline resource$2rdacarrier
=538  \\$aMode of access: World Wide Web.
=588  \\$aDescription based on: v 9.0; title from home page (viewed on Dec. 20, 2012).
=516  \\$atext/plain; text/html.
=506  \\$aData are free to access.
=510  3\$uhttp://dx.doi.org/10.1093/nar/gkr944
=520  \\$aSequence data from 31 green plant species, provided to allow comparative genetics studies. Genes can be searched by keyword and BLAST across species of interest. Data covers several food and economic crop species and model plant species.
=540  \\$aNot stated.
=584  \\$aAccepting data submissions: No.
=650  \0$aPlant genomes$vDatabases.
=653  2\$aFood security
=655  \7$aDataset.$2local
=655  \7$aExperimental data.$2local
=690  7\$aResearch Datasets Collection$2blcoll
=710  2\$aJoint Genome Institute.
=710  2\$aCenter for Integrative Genomics.
=856  4\$uhttp://www.phytozome.net/$yResearch Datasets Collection
=859  \\$aXLD$bdatasets
=985  \\$a710 = new hdgs
=CAT  \\$aRESDATASET$b00$c20121126$lBLL01$h1531
=CAT  \\$a7332$b40$c20121220$lBLL01$h1346
=CAT  \\$aWR13.117$c20130718$lBLL01$h1857
=CAT  \\$aW1606-1753$c20171028$lBLL01$h1342
=CAT  \\$a7332$b40$c20191004$lBLL01$h1258
=FIN  \\$aY$d20121220
=SRC  \\$aBLDatasets$bstm_datasets_20121121.xml
=LAS  \\$a7332$b40$c20191004$lBLL01$h1258

