=LDR  02014 ai a2200505 a 4500
=001  016217987
=003  Uk
=005  20121228084142.0
=006  m\\\\\\\\m\|\\\\\\
=007  cr\|||||||||||
=008  121126c200u9999xxuuu\d\o\\\\\0\\\a2eng\\
=FMT  \\$a  SE
=024  7\$astm20120823k$2local
=040  \\$aUk$beng$cUk
=042  \\$aukblsr
=082  04$a633.304233$223
=245  00$aLegumeIP$h[electronic resource].
=260  \\$aArdmore :$bSamuel Roberts Noble Foundation.
=336  \\$atext$2rdacontent
=337  \\$acomputer$2rdamedia
=338  \\$aonline resource$2rdacarrier
=538  \\$aMode of access: World Wide Web.
=500  \\$aTitle from home page (viewed on Dec. 28, 2012).
=506  \\$aData are free to access.
=510  3\$uhttp://dx.doi.org/10.1093/nar/gkr939
=520  \\$aProvides genetic data to aid the phylogenetic analysis and development of legume crops. Genetic data on the legumes Medicago truncatula, soybean (Glycine max) and lotus plants (Lotus japonicus) are provided alongside two non-legume reference species (Arabidopsis thaliana and Poplar trichocarpa). Synteny analysis is also possible, browsed by chromosome or contig.
=540  \\$aNot stated.
=584  \\$aAccepting data submissions: No.
=650  \0$aLegumes$xGenetics$vDatabases.
=650  \0$aLegumes$xBreeding$vDatabases.
=650  \0$aPlant genomes$vDatabases.
=653  2\$aFood security
=655  \7$aDataset.$2local
=655  \7$aExperimental data.$2local
=690  7\$aResearch Datasets Collection$2blcoll
=710  2\$aSamuel Roberts Noble Foundation.
=856  4\$uhttp://plantgrn.noble.org/LegumeIP/$yResearch Datasets Collection
=859  \\$aXLD$bdatasets
=CAT  \\$aRESDATASET$b00$c20121126$lBLL01$h1531
=CAT  \\$a7332$b40$c20121228$lBLL01$h0841
=CAT  \\$aWR13.117$c20130718$lBLL01$h1857
=CAT  \\$aW1606-1753$c20171028$lBLL01$h1342
=FIN  \\$aY$d20121228
=SRC  \\$aBLDatasets$bstm_datasets_20121121.xml
=LAS  \\$aW1606-1753$b00$c20171028$lBLL01$h1342

