=LDR  01894 ai a2200517 a 4500
=001  016217988
=003  Uk
=005  20130930073051.0
=006  m\\\\\\\\m\|\\\\\\
=007  cr\|||||||||||
=008  121126c200u9999xxuuu\d\o\\\\\0\\\a2eng\\
=FMT  \\$a  SE
=024  7\$astm20121023h$2local
=040  \\$aUk$beng$cUk$dUk
=042  \\$aukblsr
=082  04$a363.73874$223
=245  00$aGreenhouse gas emissions from large facilities$h[electronic resource].
=246  3\$aEPA ghgdata
=260  \\$a[United States] :$bEPA.
=336  \\$atext$2rdacontent
=337  \\$acomputer$2rdamedia
=338  \\$aonline resource$2rdacarrier
=538  \\$aMode of access: World Wide Web.
=500  \\$aTitle from home page (viewed on Dec. 28, 2012).
=516  \\$aapplication/msexcel; text/html.
=506  \\$aData are free to access.
=520  \\$aData reported to EPA by facilities. A download of all non-confidential data for the dataset is also available in Excel format.
=540  \\$aPublic Domain.
=584  \\$aData are supplied by industry to the U.S. EPA.
=584  \\$aAccepting data submissions: Yes.
=650  \0$aGreenhouse gases$zUnited States$vDatabases.
=653  2\$aLiving With Environmental Change
=655  \7$aDataset.$2local
=655  \7$aMonitoring data.$2local
=690  7\$aResearch Datasets Collection$2blcoll
=710  1\$aUnited States.$bEnvironmental Protection Agency.
=856  4\$uhttp://ghgdata.epa.gov/ghgp/main.do$yResearch Datasets Collection
=859  \\$aXLD$bdatasets
=CAT  \\$aRESDATASET$b00$c20121126$lBLL01$h1531
=CAT  \\$a7332$b40$c20121228$lBLL01$h1030
=CAT  \\$aWR13.117$c20130718$lBLL01$h1857
=CAT  \\$a7332$b40$c20130930$lBLL01$h0730
=CAT  \\$aW1606-1753$c20171028$lBLL01$h1342
=FIN  \\$aY$d20121228
=SRC  \\$aBLDatasets$bstm_datasets_20121121.xml
=LAS  \\$aW1606-1753$b00$c20171028$lBLL01$h1342

