=LDR  01946 ai a2200505 a 4500
=001  016217989
=003  Uk
=005  20121228111724.0
=006  m\\\\\\\\m\|\\\\\\
=007  cr\|||||||||||
=008  121126c200u9999at\uu\d\o\\\\\0\\\a2eng\\
=FMT  \\$a  SE
=024  7\$astm20120628d$2local
=040  \\$aUk$beng$cUk
=042  \\$aukblsr
=082  04$a559.4$223
=245  00$aGeoscience Australia free data download$h[electronic resource].
=260  \\$a[Australia] :$bGeoscience Australia.
=336  \\$atext$2rdacontent
=337  \\$acomputer$2rdamedia
=338  \\$aonline resource$2rdacarrier
=538  \\$aMode of access: World Wide Web.
=500  \\$aTitle from HTML header (viewed on Dec. 28, 2012).
=516  \\$aESRI shapefile; ArcGIS.
=506  \\$aData are free to access.
=520  \\$aGIS datasets and maps for Australian geoscience, covering many environmental aspects, including oceanography, geomagnetism and geochemistry.
=522  \\$aAustralia (nation).
=540  \\$aA version of Science or Creative Commons.
=584  \\$aAccepting data submissions: No.
=650  \0$aGeology$zAustralia$vMaps$vDatabases.
=653  2\$aLiving With Environmental Change
=655  \7$aDataset.$2local
=655  \7$aObservational data.$2local
=690  7\$aResearch Datasets Collection$2blcoll
=710  2\$aGeoscience Australia.
=773  08$iPart of Web site:$tApplying geoscience to Australia's most important challenges
=856  4\$uhttps://www.ga.gov.au/products/servlet/controller;?event=PRODUCT_SELECTION&national=exclusive$yResearch Datasets Collection
=859  \\$aXLD$bdatasets
=CAT  \\$aRESDATASET$b00$c20121126$lBLL01$h1531
=CAT  \\$a7332$b40$c20121228$lBLL01$h1117
=CAT  \\$aWR13.117$c20130718$lBLL01$h1857
=CAT  \\$aW1606-1753$c20171028$lBLL01$h1342
=FIN  \\$aY$d20121228
=SRC  \\$aBLDatasets$bstm_datasets_20121121.xml
=LAS  \\$aW1606-1753$b00$c20171028$lBLL01$h1342

