=LDR  01851 ai a2200541 a 4500
=001  016217990
=003  Uk
=005  20121228154028.0
=006  m\\\\\\\\m\|\\\\\\
=007  cr\|||||||||||
=008  121126c200u9999xxuuu\d\o\\\\\0\\\a2eng\\
=FMT  \\$a  SE
=024  7\$astm20121023a$2local
=040  \\$aUk$beng$cUk
=042  \\$aukblsr
=082  04$a579.135$223
=245  00$aDatabase of virulence factors in fungal pathogens$h[electronic resource].
=246  3\$aDFVF
=260  \\$aLincoln :$bUniversity of Nebraska.
=336  \\$atext$2rdacontent
=337  \\$acomputer$2rdamedia
=338  \\$aonline resource$2rdacarrier
=538  \\$aMode of access: World Wide Web.
=500  \\$aTitle from home page (viewed on Dec. 28, 2012).
=516  \\$atext/html.
=506  \\$aData are free to access.
=510  3\$uhttp://dx.doi.org/10.1093/database/bas032
=540  \\$aCreators/Contributors retain copyright.
=584  \\$aData are extracted from the literature.
=584  \\$aAccepting data submissions: No.
=650  \0$aPathogenic fungi$xGenetics$vDatabases.
=650  \0$aVirulence (Microbiology)$vDatabases.
=653  2\$aFood security
=655  \7$aDataset.$2local
=655  \7$aExperimental data.$2local
=655  \7$aReference data.$2local
=690  7\$aResearch Datasets Collection$2blcoll
=710  2\$aSystem Biology Laboratory Of Chi Zhang.
=856  4\$uhttp://sysbio.unl.edu/DFVF/index.php$yResearch Datasets Collection
=859  \\$aXLD$bdatasets
=985  \\$a710 = new hdg.
=CAT  \\$aRESDATASET$b00$c20121126$lBLL01$h1531
=CAT  \\$a7332$b40$c20121228$lBLL01$h1540
=CAT  \\$aWR13.117$c20130718$lBLL01$h1857
=CAT  \\$aW1606-1753$c20171028$lBLL01$h1342
=FIN  \\$aY$d20121228
=SRC  \\$aBLDatasets$bstm_datasets_20121121.xml
=LAS  \\$aW1606-1753$b00$c20171028$lBLL01$h1342

