=LDR  02041 ai a2200565 a 4500
=001  016217991
=003  Uk
=005  20191004130950.0
=006  m\\\\\\\\m\|\\\\\\
=007  cr\|||||||||||
=008  121126c200u9999xx\uu\d\o\\\\\0\\\a2eng\\
=FMT  \\$a  SE
=024  7\$astm20121023c$2local
=040  \\$aUk$beng$cUk
=042  \\$aukblsr
=082  04$a572.862$223
=245  00$aGreenPhylDB$h[electronic resource].
=260  \\$a[S. l.] :$bGreenPhyl.
=336  \\$atext$2rdacontent
=337  \\$acomputer$2rdamedia
=338  \\$aonline resource$2rdacarrier
=538  \\$aMode of access: World Wide Web.
=500  \\$aTitle from home page (viewed on Dec. 31, 2012).
=506  \\$aData are free to access.
=520  \\$aGenetic data and phylogentic analysis of various plant species, with the aim of providing candidate ortholog genes for desired agronomic traits in crop species.
=540  \\$aNot stated.
=584  \\$aData are generated by the GreenPhyl project team.
=584  \\$aAccepting data submissions: No.
=650  \0$aPlant genomes$vDatabases.
=653  2\$aFood security
=655  \7$aDataset.$2local
=655  \7$aExperimental data.$2local
=655  \7$aReference data.$2local
=690  7\$aResearch Datasets Collection$2blcoll
=710  2\$aBiodiversity International.
=710  2\$aCIRAD (Organization)
=710  2\$aGeneration Challenge Programme.
=710  2\$aAgropolis Resource Centre for Crop Conservation, Adaptation and Diversity.
=710  2\$aSyngenta (Firm)
=856  4\$uhttp://www.greenphyl.org/cgi-bin/index.cgi$yResearch Datasets Collection
=859  \\$aXLD$bdatasets
=985  \\$a710/4, 710/5 = new hdgs.
=CAT  \\$aRESDATASET$b00$c20121126$lBLL01$h1531
=CAT  \\$a7332$b40$c20121231$lBLL01$h0754
=CAT  \\$aWR13.117$c20130718$lBLL01$h1857
=CAT  \\$aW1606-1753$c20171028$lBLL01$h1342
=CAT  \\$a7332$b40$c20191004$lBLL01$h1309
=FIN  \\$aY$d20121231
=SRC  \\$aBLDatasets$bstm_datasets_20121121.xml
=LAS  \\$a7332$b40$c20191004$lBLL01$h1309

