=LDR  01919 ai a2200541 a 4500
=001  016217992
=003  Uk
=005  20121231101828.0
=006  m\\\\\\\\m\|\\\\\\
=007  cr\|||||||||||
=008  121126c20049999xxuuu\d\o\\\\\0\\\a2eng\\
=FMT  \\$a  SE
=024  7\$astm20121030a$2local
=040  \\$aUk$beng$cUk
=042  \\$aukblsr
=082  04$a572.62$223
=245  04$aThe plant proteome database$h[electronic resource].
=246  3\$aPPDB
=260  \\$aIthaca :$bCornell University.
=336  \\$atext$2rdacontent
=337  \\$acomputer$2rdamedia
=338  \\$aonline resource$2rdacarrier
=500  \\$aTitle from home page (viewed on Dec. 31, 2012).
=538  \\$aMode of access: World Wide Web.
=506  \\$aData are free to access.
=510  3\$uhttp://dx.doi.org/10.1093/nar/gkn654
=520  \\$aAnnotated proteomic data for Arabidopsis thaliana and maize (Zea mays).
=540  \\$aNot stated.
=584  \\$aData have been generated by the creators and extracted from the literature.
=584  \\$aAccepting data submissions: Yes.
=650  \0$aPlant proteomics$vDatabases.
=653  2\$aFood security
=655  \7$aDataset.$2local
=655  \7$aExperimental data.$2local
=690  7\$aResearch Datasets Collection$2blcoll
=710  2\$aCornell University.$bKlaas J. van Wijk Lab.
=710  2\$aCornell University.$bComputational Biology Service Unit.
=856  4\$uhttp://ppdb.tc.cornell.edu/introduction.aspx$yResearch Datasets Collection
=859  \\$aXLD$bdatasets
=985  \\$a710 = new hdg.
=CAT  \\$aRESDATASET$b00$c20121126$lBLL01$h1531
=CAT  \\$a7332$b40$c20121231$lBLL01$h0842
=CAT  \\$a7332$b40$c20121231$lBLL01$h1018
=CAT  \\$aWR13.117$c20130718$lBLL01$h1857
=CAT  \\$aW1606-1753$c20171028$lBLL01$h1342
=FIN  \\$aY$d20121231
=SRC  \\$aBLDatasets$bstm_datasets_20121121.xml
=LAS  \\$aW1606-1753$b00$c20171028$lBLL01$h1342

