=LDR  01769 ai a2200517 a 4500
=001  016217993
=003  Uk
=005  20121231102414.0
=006  m\\\\\\\\m\|\\\\\\
=007  cr\|||||||||||
=008  121126c200u9999at\uu\d\o\\\\\0\\\a2eng\\
=FMT  \\$a  SE
=024  7\$astm20120629b$2local
=040  \\$aUk$beng$cUk
=042  \\$aukblsr
=082  04$a551.49$223
=245  00$aGroundwater governance - agencies and legislation - data$h[electronic resource].
=260  \\$a[Australia] :$bGeoscience Australia.
=336  \\$atext$2rdacontent
=337  \\$acomputer$2rdamedia
=338  \\$aonline resource$2rdacarrier
=500  \\$aTitle from home page (viewed on Dec. 31, 2012).
=538  \\$aMode of access: World Wide Web.
=516  \\$aESRI shapefile; ASCII.
=506  \\$aData are free to access.
=520  \\$aGIS data on Australian groundwater.
=522  \\$aAustralia (nation).
=540  \\$aA version of Science or Creative Commons.
=584  \\$aAccepting data submissions: No.
=650  \0$aGroundwater$zAustralia$vDatabases.
=653  2\$aLiving With Environmental Change
=653  2\$aFlooding
=655  \7$aDataset.$2local
=655  \7$aMonitoring data.$2local
=690  7\$aResearch Datasets Collection$2blcoll
=710  2\$aGeoscience Australia.
=856  4\$uhttp://www.ga.gov.au/cedda/data/96$yResearch Datasets Collection
=859  \\$aXLD$bdatasets
=CAT  \\$aRESDATASET$b00$c20121126$lBLL01$h1531
=CAT  \\$a7332$b40$c20121231$lBLL01$h1021
=CAT  \\$a7332$b40$c20121231$lBLL01$h1024
=CAT  \\$aWR13.117$c20130718$lBLL01$h1857
=CAT  \\$aW1606-1753$c20171028$lBLL01$h1342
=FIN  \\$aY$d20121231
=SRC  \\$aBLDatasets$bstm_datasets_20121121.xml
=LAS  \\$aW1606-1753$b00$c20171028$lBLL01$h1342

