=LDR  01641 ai a2200481 a 4500
=001  016217994
=003  Uk
=005  20121231104745.0
=006  m\\\\\\\\m\|\\\\\\
=007  cr\|||||||||||
=008  121126c200u9999at\uu\d\o\\\\\0\\\a2eng\\
=FMT  \\$a  SE
=024  7\$astm20121023b$2local
=040  \\$aUk$beng$cUk
=042  \\$aukblsr
=082  04$a551.4570994$223
=245  00$aMarine and coastal - data$h[electronic resource].
=260  \\$a[Australia] :$bGeoscience Australia.
=336  \\$atext$2rdacontent
=337  \\$acomputer$2rdamedia
=338  \\$aonline resource$2rdacarrier
=500  \\$aTitle from home page (viewed on Dec. 31, 2012).
=538  \\$aMode of access: World Wide Web.
=516  \\$aGeoTIFF; ESRI ShapeFile; ArcInfo grid.
=506  \\$aData are free to access.
=520  \\$aData from marine surveys of Australia's coastline.
=540  \\$aA version of Science or Creative Commons.
=650  \0$aCoasts$zAustralia$vDatabases.
=653  2\$aLiving With Environmental Change
=653  2\$aFlooding
=655  \7$aDataset.$2local
=655  \7$aObservational data.$2local
=690  7\$aResearch Datasets Collection$2blcoll
=710  2\$aGeoscience Australia.
=856  4\$uhttp://www.ga.gov.au/cedda/data/143$yResearch Datasets Collection
=859  \\$aXLD$bdatasets
=CAT  \\$aRESDATASET$b00$c20121126$lBLL01$h1531
=CAT  \\$a7332$b40$c20121231$lBLL01$h1047
=CAT  \\$aWR13.117$c20130718$lBLL01$h1857
=CAT  \\$aW1606-1753$c20171028$lBLL01$h1342
=FIN  \\$aY$d20121231
=SRC  \\$aBLDatasets$bstm_datasets_20121121.xml
=LAS  \\$aW1606-1753$b00$c20171028$lBLL01$h1342

