=LDR  02125 ai a2200541 a 4500
=001  016217995
=003  Uk
=005  20130228075039.0
=006  m\\\\\\\\m\|\\\\\\
=007  cr\|||||||||||
=008  121126c200u9999xxuuu\d\o\\\\\0\\\a2eng\\
=FMT  \\$a  SE
=024  7\$astm20120629c$2local
=040  \\$aUk$beng$cUk$dUk
=042  \\$aukblsr
=082  04$a578.42$223
=245  00$aProject Budburst data$h[electronic resource].
=260  \\$a[Boulder] :$bNational Ecological Observatory Network.
=336  \\$atext$2rdacontent
=337  \\$acomputer$2rdamedia
=338  \\$aonline resource$2rdacarrier
=500  \\$aTitle from home page (viewed on Dec. 31, 2012).
=538  \\$aMode of access: World Wide Web.
=516  \\$aapplication/msexcel; text/csv; text/plain.
=506  \\$aData are free to access.
=520  \\$aData are part of a citizen science project to observe the arrival of spring across the United States based on plant leafing and budding. Data for each year can be downloaded, and contains details observations by date, species and location.
=522  \\$aUnited States (nation).
=540  \\$aNot stated.
=584  \\$aData are from a citizen science project.
=584  \\$aAccepting data submissions: Yes.
=650  \0$aPhenology$zUnited States$vDatabases.
=653  2\$aLiving With Environmental Change
=655  \7$aDataset.$2local
=655  \7$aObservational data.$2local
=690  7\$aResearch Datasets Collection$2blcoll
=710  2\$aNational Ecological Observatory Network.
=710  2\$aChicago Botanic Garden.
=856  4\$uhttp://budburst.org/results_data.php$yResearch Datasets Collection
=859  \\$aXLD$bdatasets
=985  \\$a856 was http://www.neoninc.org/budburst/results_data.php
=CAT  \\$aRESDATASET$b00$c20121126$lBLL01$h1531
=CAT  \\$a7332$b40$c20121231$lBLL01$h1124
=CAT  \\$a7332$b40$c20130228$lBLL01$h0750
=CAT  \\$aWR13.117$c20130718$lBLL01$h1857
=CAT  \\$aW1606-1753$c20171028$lBLL01$h1342
=FIN  \\$aY$d20121231
=SRC  \\$aBLDatasets$bstm_datasets_20121121.xml
=LAS  \\$aW1606-1753$b00$c20171028$lBLL01$h1342

