=LDR  02081 ai a2200577 a 4500
=001  016217997
=003  Uk
=005  20130109132719.0
=006  m\\\\\\\\m\|\\\\\\
=007  cr\|||||||||||
=008  121126c200u9999it\uu\d\o\\\\\0\\\a2eng\\
=FMT  \\$a  SE
=024  7\$astm20120831b$2local
=040  \\$aUk$beng$cUk
=041  \\$aeng$afre$aspa
=042  \\$aukblsr
=082  04$a577.15$223
=245  00$aWorld maps of climatological net primary production of biomass, NPP$h[electronic resource].
=260  \\$a[Rome] :$bFood and Agriculture Organization of the United Nations.
=336  \\$atext$2rdacontent
=337  \\$acomputer$2rdamedia
=338  \\$aonline resource$2rdacarrier
=538  \\$aMode of access: World Wide Web.
=500  \\$aTitle from home page (viewed on Dec. 31, 2012).
=546  \\$aInterface in English, French and Spanish.
=516  \\$atext/csv; GeoTiff.
=506  \\$aData are free to access.
=540  \\$aNot stated.
=584  \\$aData are generated by the Agromet Group, SDRN of the FAO.
=584  \\$aAccepting data submissions: No.
=650  \0$aPrimary productivity (Biology)$vMaps$vDatabases.
=653  2\$aFood security
=653  2\$aLiving With Environmental Change
=655  \7$aDataset.$2local
=655  \7$aObservational data.$2local
=690  7\$aResearch Datasets Collection$2blcoll
=710  2\$aFood and Agriculture Organization of the United Nations.
=710  2\$aAgromet Group, SDRN.
=856  4\$uhttp://www.fao.org/nr/climpag/globgrids/NPP_en.asp$yResearch Datasets Collection
=859  \\$aXLD$bdatasets
=985  \\$a710 = new hdg.
=CAT  \\$aRESDATASET$b00$c20121126$lBLL01$h1531
=CAT  \\$a7332$b40$c20121231$lBLL01$h1634
=CAT  \\$a7332$b40$c20130102$lBLL01$h0742
=CAT  \\$a7332$b40$c20130109$lBLL01$h1327
=CAT  \\$aWR13.117$c20130718$lBLL01$h1857
=CAT  \\$aW1606-1753$c20171028$lBLL01$h1342
=CAT  \\$a8964$b40$c20181109$lBLL01$h1517
=FIN  \\$aY$d20121231
=SRC  \\$aBLDatasets$bstm_datasets_20121121.xml
=LAS  \\$a8964$b40$c20181109$lBLL01$h1517

