=LDR  01868 ai a2200541 a 4500
=001  016217998
=003  Uk
=005  20130102074308.0
=006  m\\\\\\\\m\|\\\\\\
=007  cr\|||||||||||
=008  121126c200u9999it\uu\d\o\s\\\0\\\a2eng\\
=FMT  \\$a  SE
=024  7\$astm20120831c$2local
=040  \\$aUk$beng$cUk
=041  \\$aeng$afre$aspa
=042  \\$aukblsr
=082  04$a338.19$223
=245  00$aCountrySTAT$h[electronic resource].
=260  \\$a[Rome] :$bFood and Agriculture Organization of the United Nations.
=336  \\$atext$2rdacontent
=337  \\$acomputer$2rdamedia
=338  \\$aonline resource$2rdacarrier
=538  \\$aMode of access: World Wide Web.
=500  \\$aTitle from home page (viewed on Jan. 2, 2013).
=546  \\$aInterface in English, French and Spanish.
=506  \\$aData are free to access.
=540  \\$aNot stated.
=584  \\$aData are collected by the FAO.
=584  \\$aAccepting data submissions: No.
=650  \0$aFood$vStatistics$vDatabases.
=650  \0$aFood supply$vStatistics$vDatabases.
=650  \0$aAgriculture$vStatistics$vDatabases.
=653  2\$aFood security
=655  \7$aDataset.$2local
=655  \7$aStatistics.$2local
=655  \7$aMonitoring data.$2local
=690  7\$aResearch Datasets Collection$2blcoll
=710  2\$aFood and Agriculture Organization of the United Nations.
=856  4\$uhttp://www.fao.org/economic/ess/countrystat/en/$yResearch Datasets Collection
=859  \\$aXLD$bdatasets
=CAT  \\$aRESDATASET$b00$c20121126$lBLL01$h1531
=CAT  \\$a7332$b40$c20130102$lBLL01$h0735
=CAT  \\$a7332$b40$c20130102$lBLL01$h0743
=CAT  \\$aWR13.117$c20130718$lBLL01$h1857
=CAT  \\$aW1606-1753$c20171028$lBLL01$h1342
=FIN  \\$aY$d20130102
=SRC  \\$aBLDatasets$bstm_datasets_20121121.xml
=LAS  \\$aW1606-1753$b00$c20171028$lBLL01$h1342

