=LDR  02013 ai a2200505 a 4500
=001  016217999
=003  Uk
=005  20130930073206.0
=006  m\\\\\\\\m\|\\\\\\
=007  cr\|||||||||||
=008  121126c20009999ch\uu\d\o\\\\\0\\\a2eng\\
=FMT  \\$a  SE
=024  7\$astm20120831d$2local
=040  \\$aUk$beng$cUk$dUk
=042  \\$aukblsr
=082  04$a635.34233$223
=245  00$aBrassica database$h[electronic resource].
=246  3\$aBRAD
=260  \\$a[China] :$bInstitute of Vegetables and Flowers, Chinese Academy of Agricultural Sciences.
=336  \\$atext$2rdacontent
=337  \\$acomputer$2rdamedia
=338  \\$aonline resource$2rdacarrier
=538  \\$aMode of access: World Wide Web.
=500  \\$aTitle from home page (viewed on Jan. 2, 2013).
=506  \\$aData are free to access.
=520  \\$aGenetic data at the whole genome scale for important Brassica crops. Genes can be browsed by type (e.g. auxin genes, resistance genes or flower genes). Or identified in queries by keyword or ID. Genome and protein sequences can be downloaded in bulk via FTP, although users are required to register in order to bulk download.
=540  \\$aNot stated.
=584  \\$aAccepting data submissions: No.
=650  \0$aBrassica$xGenetics$vDatabases.
=653  2\$aFood security
=655  \7$aDataset.$2local
=655  \7$aExperimental data.$2local
=690  7\$aResearch Datasets Collection$2blcoll
=710  2\$aZhongguo nong ye ke xue yuan.$bInstitute of Vegetables and Flowers.
=856  4\$uhttp://brassicadb.org$yResearch Datasets Collection
=859  \\$aXLD$bdatasets
=985  \\$a710 = new hdg.
=CAT  \\$aRESDATASET$b00$c20121126$lBLL01$h1531
=CAT  \\$a7332$b40$c20130102$lBLL01$h0753
=CAT  \\$aWR13.117$c20130718$lBLL01$h1857
=CAT  \\$a7332$b40$c20130930$lBLL01$h0732
=CAT  \\$aW1606-1753$c20171028$lBLL01$h1342
=FIN  \\$aY$d20130102
=SRC  \\$aBLDatasets$bstm_datasets_20121121.xml
=LAS  \\$aW1606-1753$b00$c20171028$lBLL01$h1342

