=LDR  01759 ai a2200493 a 4500
=001  016218002
=003  Uk
=005  20130102104410.0
=006  m\\\\\\\\m\|\\\\\\
=007  cr\|||||||||||
=008  121126c200u9999fr\uu\d\o\\\\\0\\\a2eng\\
=FMT  \\$a  SE
=024  7\$astm20120705c$2local
=040  \\$aUk$beng$cUk
=042  \\$aukblsr
=082  04$a633.18233$223
=245  00$aOryGenesDB$h[electronic resource].
=260  \\$a[France] :$bCIRAD.
=336  \\$atext$2rdacontent
=337  \\$acomputer$2rdamedia
=338  \\$aonline resource$2rdacarrier
=538  \\$aMode of access: World Wide Web.
=500  \\$aTitle from home page (viewed on Jan. 2, 2013).
=516  \\$aFASTA; application/msexcel.
=506  \\$aData are free to access.
=520  \\$aGenome browser and sequence data for the rice (Oryza sativa ssp. japonica) genome. Gene searches are run across 4 comparison species (Arabidopsis thaliana, Sorghum bicolor, Zea mays and Oryza sativa ssp. indica).
=540  \\$aNot stated.
=584  \\$aAccepting data submissions: No.
=650  \0$aRice$xGenetics$vDatabases.
=650  \0$aPlant genomes$vDatabases.
=653  2\$aFood security
=655  \7$aDataset.$2local
=655  \7$aExperimental data.$2local
=690  7\$aResearch Datasets Collection$2blcoll
=710  2\$aCIRAD (Organization)
=856  4\$uhttp://orygenesdb.cirad.fr/$yResearch Datasets Collection
=859  \\$aXLD$bdatasets
=CAT  \\$aRESDATASET$b00$c20121126$lBLL01$h1531
=CAT  \\$a7332$b40$c20130102$lBLL01$h1044
=CAT  \\$aWR13.117$c20130718$lBLL01$h1857
=CAT  \\$aW1606-1753$c20171028$lBLL01$h1342
=FIN  \\$aY$d20130102
=SRC  \\$aBLDatasets$bstm_datasets_20121121.xml
=LAS  \\$aW1606-1753$b00$c20171028$lBLL01$h1342

