=LDR  02143 ai a2200577 a 4500
=001  016218003
=003  Uk
=005  20130102114033.0
=006  m\\\\\\\\m\|\\\\\\
=007  cr\|||||||||||
=008  121126c20009999ja\uu\d\o\\\\\0\\\a2eng\\
=FMT  \\$a  SE
=024  7\$astm20121103d$2local
=040  \\$aUk$beng$cUk
=041  \\$aeng$ajpn
=042  \\$aukblsr
=082  04$a633.18233$223
=245  00$aOryzaBase$h[electronic resource].
=260  \\$a[Japan] :$bNational Institute of Genetics.
=336  \\$atext$2rdacontent
=337  \\$acomputer$2rdamedia
=338  \\$aonline resource$2rdacarrier
=538  \\$aMode of access: World Wide Web.
=500  \\$aTitle from home page (viewed on Jan. 2, 2013).
=546  \\$aInterface in English and Japanese.
=516  \\$atext/plain.
=506  \\$aData are free to access.
=520  \\$aProvides comprehensive data on rice strains (stocks, collection details and distribution), genomics, development and genetics. Strain and gene lists can be downloaded in text format, All other data can be queried by keyword.
=540  \\$aNot stated.
=584  \\$aData are generated by the research community and collated by SHIGEN.
=584  \\$aAccepting data submissions: Yes.
=650  \0$aRice$xGenetics$vDatabases.
=650  \0$aRice$xBreeding$vDatabases.
=650  \0$aPlant genomes$vDatabases.
=653  2\$aFood security
=655  \7$aDataset.$2local
=655  \7$aExperimental data.$2local
=690  7\$aResearch Datasets Collection$2blcoll
=710  2\$aKokuritsu Idengaku Kenkyūjo (Japan)
=710  2\$aSHIGEN (Organisation)
=710  2\$aNational BioResource Project.
=856  4\$uhttp://www.shigen.nig.ac.jp/rice/oryzabaseV4/$yResearch Datasets Collection
=859  \\$aXLD$bdatasets
=985  \\$a710/2 & 710/3= new hdgs.
=CAT  \\$aRESDATASET$b00$c20121126$lBLL01$h1531
=CAT  \\$a7332$b40$c20130102$lBLL01$h1140
=CAT  \\$aWR13.117$c20130718$lBLL01$h1857
=CAT  \\$aW1606-1753$c20171028$lBLL01$h1342
=FIN  \\$aY$d20130102
=SRC  \\$aBLDatasets$bstm_datasets_20121121.xml
=LAS  \\$aW1606-1753$b00$c20171028$lBLL01$h1342

