=LDR  02081 ai a2200529 a 4500
=001  016218006
=003  Uk
=005  20130109132712.0
=006  m\\\\\\\\m\|\\\\\\
=007  cr\|||||||||||
=008  121126c200u9999xxuuu\d\o\\\\\0\\\a2eng\\
=FMT  \\$a  SE
=024  7\$astm20120719b$2local
=040  \\$aUk$beng$cUk
=042  \\$aukblsr
=082  04$a338.16$223
=245  00$aCropScape.$pCropland data layer$h[electronic resource].
=260  \\$a[United States] :$bNational Agricultural Statistics Service.
=336  \\$atext$2rdacontent
=337  \\$acomputer$2rdamedia
=338  \\$aonline resource$2rdacarrier
=538  \\$aMode of access: World Wide Web.
=500  \\$aTitle from home page (viewed on Jan. 2, 2013).
=516  \\$aapplication/pdf; image/tiff; application/vnd.google-earth.kml+xml.
=506  \\$aData are free to access.
=520  \\$aRemotely sensed land-use data covering crops in the continental United States. Data are visualised in map view, which can be downloaded in Google Earth format.
=540  \\$aPublic Domain.
=584  \\$aData are generated by the USDA National Agricultural Statistics Service.
=584  \\$aAccepting data submissions: Yes.
=650  \0$aCrops$zUnited States$vMaps$vDatabases.
=650  \0$aCrops$zUnited States$vRemote-sensing images$vDatabases.
=653  2\$aFood security
=655  \7$aDataset.$2local
=655  \7$aMonitoring data.$2local
=690  7\$aResearch Datasets Collection$2blcoll
=710  1\$aUnited States.$bNational Agricultural Statistics Service.
=856  4\$uhttp://nassgeodata.gmu.edu/CropScape/$yResearch Datasets Collection
=859  \\$aXLD$bdatasets
=CAT  \\$aRESDATASET$b00$c20121126$lBLL01$h1531
=CAT  \\$a7332$b40$c20130102$lBLL01$h1530
=CAT  \\$a7332$b40$c20130103$lBLL01$h0835
=CAT  \\$a7332$b40$c20130109$lBLL01$h1327
=CAT  \\$aWR13.117$c20130718$lBLL01$h1857
=CAT  \\$aW1606-1753$c20171028$lBLL01$h1342
=FIN  \\$aY$d20130102
=SRC  \\$aBLDatasets$bstm_datasets_20121121.xml
=LAS  \\$aW1606-1753$b00$c20171028$lBLL01$h1342

