=LDR  02200 ai a2200553 a 4500
=001  016218007
=003  Uk
=005  20130930073319.0
=006  m\\\\\\\\m\|\\\\\\
=007  cr\|||||||||||
=008  121126c200u9999xxuuu\d\o\\\\\0\\\a2eng\\
=FMT  \\$a  SE
=024  7\$astm20120719c$2local
=040  \\$aUk$beng$cUk$dUk
=042  \\$aukblsr
=082  04$a910.285$223
=245  00$aOregon spatial data library$h[electronic resource].
=260  \\$a[Corvallis] :$bOregon State University Libraries.
=336  \\$atext$2rdacontent
=337  \\$acomputer$2rdamedia
=338  \\$aonline resource$2rdacarrier
=538  \\$aMode of access: World Wide Web.
=500  \\$aTitle from home page (viewed on Jan. 3, 2013).
=516  \\$atext/xml; image/tiff; application/dbf.
=520  \\$aProvides geospatial data covering environmental topics such as climate, hydrography, land use and biodiversity among others. Queries are also possible via REST.
=506  \\$aData are free to access.
=540  \\$aPublic Domain.
=584  \\$aData are generated by state and federal agencies, local governments, university scientists, and citizens.
=584  \\$aAccepting data submissions: Yes.
=650  \0$aGeodatabases$zUnited States.
=650  \0$aGeospatial data$zUnited States$vDatabases.
=653  2\$aLiving With Environmental Change
=655  \7$aDataset.$2local
=655  \7$aObservational data.$2local
=690  7\$aResearch Datasets Collection$2blcoll
=710  2\$aOregon Geospatial Enterprise Office.
=710  2\$aOregon State University.
=710  2\$aOregon State University.$bInstitute for Natural Resources.
=856  4\$uhttp://spatialdata.oregonexplorer.info/GPT9/catalog/main/home.page$yResearch Datasets Collection
=859  \\$aXLD$bdatasets
=CAT  \\$aRESDATASET$b00$c20121126$lBLL01$h1531
=CAT  \\$a7332$b40$c20130103$lBLL01$h0801
=CAT  \\$a7332$b40$c20130103$lBLL01$h0806
=CAT  \\$aWR13.117$c20130718$lBLL01$h1857
=CAT  \\$a7332$b40$c20130930$lBLL01$h0733
=CAT  \\$aW1606-1753$c20171028$lBLL01$h1342
=FIN  \\$aY$d20130103
=SRC  \\$aBLDatasets$bstm_datasets_20121121.xml
=LAS  \\$aW1606-1753$b00$c20171028$lBLL01$h1342

