=LDR  01980 ai a2200517 a 4500
=001  016218008
=003  Uk
=005  20130103091500.0
=006  m\\\\\\\\m\|\\\\\\
=007  cr\|||||||||||
=008  121126c200u9999xxuuu\d\o\\\\\0\\\a2eng\\
=FMT  \\$a  SE
=024  7\$astm20120719e$2local
=040  \\$aUk$beng$cUk
=042  \\$aukblsr
=082  04$a354.3340973$223
=245  00$aGeoSpatialDataGateway$h[electronic resource].
=246  3\$aGeospatial data gateway
=260  \\$aWashington, D.C. :$bUnited States. Dept. of Agriculture, Natural Resources Conservation Service.
=336  \\$atext$2rdacontent
=337  \\$acomputer$2rdamedia
=338  \\$aonline resource$2rdacarrier
=538  \\$aMode of access: World Wide Web.
=500  \\$aTitle from home page (viewed on Jan. 3, 2013).
=516  \\$aESRI shapefile.
=506  \\$aData are free to access.
=520  \\$aGeospatial map layers covering various environmental and political aspects, including hydrology, census, land use, geology and climate.
=540  \\$aNot stated.
=584  \\$aAccepting data submissions: No.
=650  \0$aConservation of natural resources$zUnited States$vDatabases.
=650  \0$aGeographic information systems$zUnited States.
=650  \0$aDigital mapping$xData processing.
=653  2\$aLiving With Environmental Change
=655  \7$aDataset.$2local
=655  \7$aObservational data.$2local
=690  7\$aResearch Datasets Collection$2blcoll
=710  1\$aUnited States.$bNatural Resources Conservation Service.
=856  4\$uhttp://datagateway.nrcs.usda.gov/GDGOrder.aspx$yResearch Datasets Collection
=859  \\$aXLD$bdatasets
=CAT  \\$aRESDATASET$b00$c20121126$lBLL01$h1531
=CAT  \\$a7332$b40$c20130103$lBLL01$h0915
=CAT  \\$aWR13.117$c20130718$lBLL01$h1857
=CAT  \\$aW1606-1753$c20171028$lBLL01$h1342
=FIN  \\$aY$d20130103
=SRC  \\$aBLDatasets$bstm_datasets_20121121.xml
=LAS  \\$aW1606-1753$b00$c20171028$lBLL01$h1342

