=LDR  01974 ai a2200517 a 4500
=001  016218010
=003  Uk
=005  20130103103636.0
=006  m\\\\\\\\m\|\\\\\\
=007  cr\|||||||||||
=008  121126c200u9999enkuu\d\o\\\\\0\\\a2eng\\
=FMT  \\$a  SE
=024  7\$astm20121103g$2local
=040  \\$aUk$beng$cUk
=042  \\$aukblsr
=082  04$a581.63$223
=245  00$aSurvey of economic plants for arid and semi-arid lands$h[electronic resource].
=246  3\$aSEPASAL
=260  \\$aRichmond :$bRoyal Botanic Gardens, Kew.
=336  \\$atext$2rdacontent
=337  \\$acomputer$2rdamedia
=338  \\$aonline resource$2rdacarrier
=538  \\$aMode of access: World Wide Web.
=500  \\$aTitle from home page (viewed on Jan. 3, 2013).
=506  \\$aUsers must apply for access to data.
=520  \\$aProvides information on wild and semi-domesticated plant species that can be used in arid and semi-arid environments. This not only includes potential food plants, but also for uses such as soil stabilisation or those of economic value.
=540  \\$aNot stated.
=584  \\$aData are collected by Kew.
=584  \\$aAccepting data submissions: No.
=650  \0$aBotany, Economic$zTropics$vDatabases.
=650  \0$aPlants, Useful$zTropics$vDatabases.
=650  \0$aArid regions plants$xUtilization$vDatabases.
=653  2\$aFood security
=655  \7$aDataset.$2local
=655  \7$aObservational data.$2local
=690  7\$aResearch Datasets Collection$2blcoll
=710  2\$aRoyal Botanic Gardens, Kew.
=856  4\$uhttp://www.kew.org/ceb/sepasal/$yResearch Datasets Collection
=859  \\$aXLD$bdatasets
=CAT  \\$aRESDATASET$b00$c20121126$lBLL01$h1531
=CAT  \\$a7332$b40$c20130103$lBLL01$h1036
=CAT  \\$aWR13.117$c20130718$lBLL01$h1857
=CAT  \\$aW1606-1753$c20171028$lBLL01$h1342
=FIN  \\$aY$d20130103
=SRC  \\$aBLDatasets$bstm_datasets_20121121.xml
=LAS  \\$aW1606-1753$b00$c20171028$lBLL01$h1342

